tradeID,ts_exchange_ms,ts_received_ms,delay,price,volume
104551578,1754999973567,1754999973681,114,0.7754,29.419
104551579,1754999979795,1754999979910,115,0.7752,64.635
104551580,1754999979795,1754999979910,115,0.7752,733.4607
104551581,1754999979795,1754999979910,115,0.7752,64.635
104551583,1754999992599,1754999992709,110,0.775,25
104551587,1754999993978,1754999994175,197,0.775,1191.4036
104551590,1754999993979,1754999994183,204,0.775,1957.3988
104551592,1754999993980,1754999994183,203,0.775,1473.0592
104551593,1754999994004,1754999994197,193,0.7751,32.2663
104551595,1754999999193,1754999999303,110,0.7751,1289.9896
104551600,1755000000690,1755000000802,112,0.7749,1556.6269
104551610,1755000000690,1755000000802,112,0.7748,5450.8978
104551611,1755000000690,1755000000802,112,0.7747,64.635
104551612,1755000000690,1755000000802,112,0.7747,64.635
104551613,1755000000694,1755000000820,126,0.7747,64.635
104551614,1755000000694,1755000000820,126,0.7747,64.635
104551615,1755000000694,1755000000820,126,0.7747,800
104551616,1755000000696,1755000000820,124,0.7747,64.506
104551619,1755000000696,1755000000820,124,0.7746,171.7866
104551620,1755000000698,1755000000820,122,0.7746,1429.8841
104551621,1755000000710,1755000000825,115,0.7746,1291.3223
104551622,1755000001134,1755000001255,121,0.7746,10.989
104551623,1755000002689,1755000002800,111,0.7747,70.3386
104551627,1755000003418,1755000003527,109,0.7749,3933.8404
104551628,1755000003771,1755000003884,113,0.7749,77.4293
104551629,1755000004639,1755000004750,111,0.775,10
104551630,1755000009449,1755000009563,114,0.7751,103.0176
104551631,1755000015768,1755000015882,114,0.7752,38.6996
104551632,1755000016761,1755000016871,110,0.7753,64.8475
104551633,1755000016761,1755000016871,110,0.7753,39.2534
104551634,1755000016761,1755000016871,110,0.7753,128.109
104551635,1755000016770,1755000016880,110,0.7754,91.6903
104551637,1755000016899,1755000017012,113,0.7754,154.7588
104551638,1755000019280,1755000019394,114,0.7755,12.8949
104551639,1755000020190,1755000020299,109,0.7754,64.635
104551640,1755000020190,1755000020299,109,0.7754,64.635
104551641,1755000021876,1755000021991,115,0.7755,54.6744
104551642,1755000023095,1755000023206,111,0.7756,96.6993
104551644,1755000023833,1755000023945,112,0.7754,1299.8554
104551645,1755000026905,1755000027014,109,0.7753,12.8982
104551646,1755000028609,1755000028720,111,0.7752,154.8266
104551647,1755000033579,1755000033692,113,0.7751,51.6063
104551649,1755000034969,1755000035147,178,0.7751,2471.4546
104551650,1755000035231,1755000035342,111,0.7752,10
104551651,1755000037195,1755000037308,113,0.7753,12.8982
104551662,1755000041277,1755000041390,113,0.7754,3324.7586
104551666,1755000041277,1755000041391,114,0.7755,3136.1191
104551667,1755000057402,1755000057511,109,0.7758,705.4373
104551668,1755000064840,1755000064950,110,0.7754,10
104551669,1755000066583,1755000066702,119,0.7751,15
104551670,1755000067366,1755000067484,118,0.775,10
104551671,1755000067416,1755000067528,112,0.775,15.7304
104551672,1755000071150,1755000071286,136,0.7749,1500
104551673,1755000085548,1755000085660,112,0.7752,185.1474
104551674,1755000089281,1755000089391,110,0.7751,85
104551677,1755000093436,1755000093551,115,0.7749,1144.1057
104551678,1755000094610,1755000094724,114,0.7749,218.4084
104551679,1755000102849,1755000102960,111,0.775,10
104551681,1755000102931,1755000103041,110,0.7752,242.239
104551682,1755000102947,1755000103058,111,0.7752,0.0009
104551683,1755000110911,1755000111025,114,0.7748,30
104551685,1755000151106,1755000151242,136,0.7747,2309.338
104551686,1755000151106,1755000151242,136,0.7747,214.7402
104551687,1755000151126,1755000151283,157,0.7748,172.4726
104551689,1755000156659,1755000156770,111,0.7748,4094.696
104551690,1755000156663,1755000156773,110,0.7748,0.0009
104551691,1755000167379,1755000167497,118,0.7747,154.926
104551694,1755000180731,1755000180843,112,0.775,257.2998
104551695,1755000204187,1755000204297,110,0.7748,21.4598
104551696,1755000206239,1755000206351,112,0.7746,112.299
104551697,1755000206338,1755000206447,109,0.7746,1290.3225
104551699,1755000220316,1755000220433,117,0.7747,1384.5693
104551700,1755000225696,1755000225815,119,0.7746,800.538
104551702,1755000244719,1755000244828,109,0.7745,169.966
104551705,1755000259823,1755000259949,126,0.7747,2672.3938
104551706,1755000264772,1755000264883,111,0.7747,678.6448
104551708,1755000264775,1755000264886,111,0.7748,25
104551710,1755000264775,1755000264886,111,0.7749,1266.1556
104551711,1755000282054,1755000282166,112,0.7746,91.7515
104551712,1755000293699,1755000293810,111,0.7747,232.387
104551720,1755000300167,1755000300277,110,0.7748,1040
104551723,1755000301501,1755000301638,137,0.7748,1479.0638
104551724,1755000327381,1755000327490,109,0.7747,520.0904
104551725,1755000335779,1755000335894,115,0.7743,129.148
104551726,1755000335789,1755000335898,109,0.7743,0.0009
104551727,1755000335920,1755000336037,117,0.7742,10
104551730,1755000336562,1755000336678,116,0.7742,2600.4457
104551731,1755000337837,1755000337950,113,0.7741,23.1323
104551735,1755000338808,1755000338921,113,0.774,64.635
104551736,1755000338808,1755000338921,113,0.774,64.635
104551737,1755000350693,1755000350805,112,0.7738,10.1
104551738,1755000356205,1755000356318,113,0.7738,12.9232
104551739,1755000361265,1755000361375,110,0.7739,64.635
104551740,1755000361265,1755000361375,110,0.7739,64.635
104551742,1755000361265,1755000361375,110,0.7739,1961.9524
104551743,1755000361266,1755000361383,117,0.774,64.635
104551744,1755000361266,1755000361383,117,0.774,64.635
104551745,1755000361267,1755000361383,116,0.774,383.8196
104551759,1755000361267,1755000361383,116,0.774,3674.5337
104551761,1755000361267,1755000361383,116,0.774,1563.6843
104551762,1755000361267,1755000361383,116,0.774,494.7136
104551765,1755000361267,1755000361383,116,0.7741,3659.8906
104551775,1755000361267,1755000361383,116,0.7742,7371.9459
104551784,1755000361269,1755000361383,114,0.7743,5672.1858
104551785,1755000361270,1755000361383,113,0.7742,64.635
104551786,1755000361270,1755000361383,113,0.7742,64.635
104551788,1755000361271,1755000361383,112,0.7742,1149.7552
104551791,1755000361271,1755000361383,112,0.7742,2229.3348
104551792,1755000361271,1755000361383,112,0.7744,64.635
104551793,1755000361271,1755000361383,112,0.7744,64.635
104551799,1755000361271,1755000361383,112,0.7744,2411.4077
104551802,1755000361272,1755000361383,111,0.7744,2651.4423
104551803,1755000361272,1755000361383,111,0.7745,650
104551805,1755000361272,1755000361387,115,0.7745,657.7629
104551806,1755000361272,1755000361387,115,0.7745,650
104551808,1755000361272,1755000361387,115,0.7745,646.1913
104551809,1755000361272,1755000361387,115,0.7745,408.2034
104551810,1755000361272,1755000361387,115,0.7745,152.2575
104551811,1755000361273,1755000361387,114,0.7745,251.9841
104551812,1755000361274,1755000361387,113,0.7743,220
104551813,1755000361274,1755000361387,113,0.7743,1280
104551814,1755000361274,1755000361387,113,0.7744,12.1566
104551815,1755000361275,1755000361387,112,0.7744,633.713
104551820,1755000361275,1755000361387,112,0.7745,2945.7869
104551821,1755000361275,1755000361387,112,0.7746,800
104551822,1755000361277,1755000361387,110,0.7746,64.635
104551823,1755000361277,1755000361387,110,0.7746,64.635
104551829,1755000361278,1755000361387,109,0.7746,1733.466
104551831,1755000361279,1755000361388,109,0.7746,942.7374
104551832,1755000361282,1755000361392,110,0.7747,67.9534
104551833,1755000361287,1755000361396,109,0.7746,10
104551836,1755000361287,1755000361396,109,0.7747,1701.5244
104551837,1755000361314,1755000361423,109,0.7745,154.966
104551838,1755000361317,1755000361426,109,0.7746,12.9132
104551839,1755000361321,1755000361431,110,0.7745,755.8749
104551840,1755000361331,1755000361440,109,0.7745,178.5483
104551842,1755000361427,1755000361539,112,0.7746,2264.2
104551843,1755000362799,1755000362908,109,0.7744,154.9865
104551844,1755000362837,1755000362946,109,0.7744,64.635
104551845,1755000362837,1755000362946,109,0.7744,64.635
104551847,1755000368823,1755000368933,110,0.7742,53.608
104551851,1755000371313,1755000371428,115,0.7743,4398.727
104551852,1755000374432,1755000374544,112,0.7743,64.635
104551853,1755000374432,1755000374544,112,0.7743,64.635
104551854,1755000375546,1755000375656,110,0.7743,645.8016
104551855,1755000377836,1755000377946,110,0.7743,129.1489
104551856,1755000379940,1755000380049,109,0.7741,645.9134
104551857,1755000383423,1755000383535,112,0.774,1033.591
104551858,1755000383563,1755000383675,112,0.774,0.0007
104551863,1755000388809,1755000388920,111,0.7738,4400
104551866,1755000389659,1755000389774,115,0.7738,64.635
104551867,1755000389659,1755000389774,115,0.7738,64.635
104551868,1755000389659,1755000389774,115,0.7738,64.635
104551873,1755000389659,1755000389774,115,0.7738,2345.7237
104551883,1755000389659,1755000389774,115,0.7738,1600.9586
104551884,1755000389659,1755000389774,115,0.7739,64.635
104551889,1755000389660,1755000389774,114,0.7739,4543.1463
104551897,1755000389660,1755000389774,114,0.774,6701.5297
104551898,1755000389660,1755000389774,114,0.7741,64.635
104551899,1755000389660,1755000389775,115,0.7741,64.635
104551918,1755000389660,1755000389775,115,0.7741,15199.8518
104551919,1755000389695,1755000389814,119,0.774,429.3841
104551922,1755000389717,1755000389830,113,0.7739,1670.0867
104551924,1755000391611,1755000391721,110,0.774,64.635
104551925,1755000391611,1755000391721,110,0.774,64.635
104551926,1755000392715,1755000392833,118,0.7741,12.9182
104551928,1755000396402,1755000396515,113,0.7741,64.635
104551929,1755000396403,1755000396515,112,0.7741,64.635
104551930,1755000396417,1755000396530,113,0.7741,130
104551934,1755000396574,1755000396683,109,0.7742,64.635
104551935,1755000396574,1755000396684,110,0.7742,64.635
104551936,1755000397024,1755000397134,110,0.7743,64.635
104551937,1755000397024,1755000397134,110,0.7743,64.635
104551939,1755000404873,1755000404984,111,0.7744,247.4798
104551940,1755000408951,1755000409060,109,0.7741,237.3772
104551941,1755000415821,1755000415931,110,0.774,664.1082
104551942,1755000416081,1755000416190,109,0.774,5367.0849
104551943,1755000416082,1755000416192,110,0.774,2217.0069
104551944,1755000416904,1755000417014,110,0.7741,703.9565
104551945,1755000416906,1755000417016,110,0.7741,6162.0135
104551946,1755000416906,1755000417016,110,0.7741,1373.83
104551947,1755000421152,1755000421261,109,0.7741,155.045
104551948,1755000429564,1755000429674,110,0.7741,20
104551949,1755000434327,1755000434441,114,0.7739,15
104551951,1755000434327,1755000434441,114,0.7738,114.3112
104551952,1755000449515,1755000449626,111,0.7741,232.5676
104551953,1755000451146,1755000451256,110,0.7742,1279.674
104551955,1755000451173,1755000451283,110,0.7742,6972.026
104551956,1755000451556,1755000451665,109,0.7743,64.635
104551957,1755000451556,1755000451665,109,0.7743,64.635
104551958,1755000451558,1755000451667,109,0.7743,7588.4755
104551959,1755000451558,1755000451667,109,0.7743,383.6701
104551960,1755000452555,1755000452674,119,0.7743,126.2844
104551962,1755000452557,1755000452674,117,0.7744,242.4775
104551963,1755000457513,1755000457626,113,0.7745,8227.6
104551964,1755000457633,1755000457742,109,0.7746,10
104551966,1755000457830,1755000457947,117,0.7746,689.1595
104551967,1755000461274,1755000461387,113,0.7746,42.434
104551968,1755000473291,1755000473402,111,0.7744,129.0988
104551969,1755000474743,1755000474856,113,0.7743,15
104551971,1755000484580,1755000484695,115,0.7743,170.005
104551972,1755000493518,1755000493639,121,0.7743,675.0805
104551973,1755000493539,1755000493652,113,0.7743,4320
104551974,1755000493541,1755000493652,111,0.7743,1609.4024
104551975,1755000493541,1755000493652,111,0.7743,437.0765
104551976,1755000493541,1755000493652,111,0.7743,185.005
104551977,1755000493542,1755000493660,118,0.7743,994.6356
104551979,1755000493545,1755000493661,116,0.7744,140
104551980,1755000493546,1755000493661,115,0.7744,130
104551981,1755000493546,1755000493661,115,0.7744,140
104551982,1755000493546,1755000493661,115,0.7744,130
104551983,1755000493546,1755000493662,116,0.7744,150
104551984,1755000493546,1755000493662,116,0.7744,150
104551985,1755000493546,1755000493662,116,0.7744,140
104551986,1755000493546,1755000493663,117,0.7744,150
104551987,1755000493546,1755000493663,117,0.7744,150
104551988,1755000493546,1755000493663,117,0.7744,130
104551989,1755000493547,1755000493663,116,0.7744,140
104551990,1755000493548,1755000493663,115,0.7744,25
104551991,1755000493548,1755000493663,115,0.7744,25.0001
104551992,1755000493550,1755000493663,113,0.7744,140
104551993,1755000493669,1755000493781,112,0.7744,10
104551994,1755000509164,1755000509279,115,0.7746,25
104551995,1755000550445,1755000550555,110,0.774,335.9174
104551996,1755000554583,1755000554692,109,0.774,155.0651
104551997,1755000569787,1755000569896,109,0.7742,232.5375
104551998,1755000594703,1755000594832,129,0.7747,2928.0115
104551999,1755000614360,1755000614475,115,0.7746,15
104552003,1755000643283,1755000643392,109,0.7745,274.52
104552004,1755000644553,1755000644670,117,0.7744,15
104552005,1755000644873,1755000644982,109,0.7743,15
104552007,1755000666473,1755000666590,117,0.7743,20
104552008,1755000672984,1755000673097,113,0.7744,15
104552009,1755000679970,1755000680085,115,0.7744,133.0061
104552010,1755000691322,1755000691434,112,0.7745,39.3851
104552011,1755000698995,1755000699106,111,0.7744,16.3
104552012,1755000709303,1755000709416,113,0.7744,2351.149
104552013,1755000722028,1755000722137,109,0.7746,459.585
104552015,1755000722044,1755000722153,109,0.7746,683.3959
104552016,1755000748833,1755000748941,108,0.7748,88.525
104552019,1755000748833,1755000748942,109,0.7749,1202.4639
104552028,1755000751943,1755000752060,117,0.7749,8185.6752
104552029,1755000775587,1755000775711,124,0.775,499.8896
104552030,1755000782851,1755000782963,112,0.7751,16.4118
104552031,1755000804052,1755000804161,109,0.7747,270.1325
104552032,1755000804383,1755000804493,110,0.7746,10
104552033,1755000811395,1755000811508,113,0.7745,864.5819
104552034,1755000831470,1755000831579,109,0.7745,63.436
104552035,1755000831953,1755000832065,112,0.7745,17.1211
104552036,1755000842577,1755000842689,112,0.7744,154.985
104552037,1755000843285,1755000843396,111,0.7743,133.3101
104552038,1755000843285,1755000843397,112,0.7743,112.0985
104552039,1755000843286,1755000843397,111,0.7743,163.0319
104552040,1755000843287,1755000843397,110,0.7743,237.309
105070165,1755169682767,1755169682879,112,0.9636,25.7527
105070167,1755169683134,1755169683248,114,0.9634,217.5296
105070169,1755169683134,1755169683248,114,0.9633,301.3231
105070170,1755169683724,1755169683838,114,0.9633,11.9
105070171,1755169683861,1755169683973,112,0.9633,12.4571
105070173,1755169684016,1755169684131,115,0.9632,26.1023
105070175,1755169684772,1755169684887,115,0.963,61.184
105070176,1755169685159,1755169685271,112,0.963,205.836
105070177,1755169685161,1755169685274,113,0.963,0.0002
105070178,1755169685343,1755169685455,112,0.9632,10
105070179,1755169685509,1755169685621,112,0.9634,10
105070181,1755169685722,1755169685840,118,0.9634,21.4191
105070184,1755169685722,1755169685840,118,0.9633,1105.0032
105070185,1755169685827,1755169685951,124,0.9632,10
105070188,1755169685876,1755169685988,112,0.9631,986.289
105070189,1755169686243,1755169686355,112,0.963,10
105070190,1755169686249,1755169686361,112,0.9629,185.836
105070191,1755169686339,1755169686451,112,0.963,259
105070195,1755169687027,1755169687139,112,0.9629,954.2309
105070196,1755169687276,1755169687388,112,0.9628,10
105070197,1755169687327,1755169687441,114,0.9628,259.59
105070203,1755169687596,1755169687712,116,0.9626,145.8256
105070210,1755169687601,1755169687716,115,0.9625,157.9391
105070212,1755169687601,1755169687716,115,0.9624,47.9583
105070213,1755169688443,1755169688558,115,0.9626,10
105070216,1755169688516,1755169688632,116,0.9628,259
105070217,1755169688557,1755169688672,115,0.9629,15.0001
105070218,1755169688802,1755169688915,113,0.9628,10
105070219,1755169688872,1755169688985,113,0.9628,12.4635
105070220,1755169689696,1755169689809,113,0.9628,1080
105070221,1755169689915,1755169690027,112,0.9628,10
105070224,1755169689927,1755169690039,112,0.9629,826.456
105070225,1755169690091,1755169690206,115,0.9628,10
105070226,1755169690091,1755169690206,115,0.9627,77
105070228,1755169690195,1755169690311,116,0.9628,1416.31
105070230,1755169690389,1755169690525,136,0.9629,66.934
105070234,1755169690391,1755169690532,141,0.963,1027.5378
105070235,1755169690397,1755169690533,136,0.9631,731.617
105070238,1755169690398,1755169690533,135,0.9632,800
105070239,1755169691223,1755169691336,113,0.9633,15
105070240,1755169691360,1755169691475,115,0.9633,519.0221
105070241,1755169691360,1755169691475,115,0.9632,235.0079
105070243,1755169694002,1755169694118,116,0.9628,12.8468
105070246,1755169694736,1755169694855,119,0.963,76.9307
105070247,1755169694736,1755169694855,119,0.9631,105.2693
105070248,1755169695335,1755169695479,144,0.963,500
105070249,1755169695347,1755169695480,133,0.9631,212.467
105070250,1755169695353,1755169695480,127,0.9632,10
105070251,1755169695386,1755169695499,113,0.9633,51.3096
105070252,1755169695386,1755169695499,113,0.9633,51.3096
105070253,1755169695474,1755169695586,112,0.9634,10
105070254,1755169695683,1755169695797,114,0.9636,10
105070255,1755169695753,1755169695865,112,0.9637,15
105070256,1755169696283,1755169696412,129,0.9638,10
105070257,1755169696309,1755169696426,117,0.9638,267.6195
105070258,1755169696403,1755169696528,125,0.964,1566.8156
105070262,1755169696410,1755169696538,128,0.964,12758.3555
105070263,1755169696566,1755169696679,113,0.9642,259
105070264,1755169696634,1755169696749,115,0.9642,51.3096
105070265,1755169696635,1755169696749,114,0.9642,51.3096
105070268,1755169696741,1755169696856,115,0.9642,8500
105070269,1755169696891,1755169697008,117,0.9642,196.7923
105070270,1755169697169,1755169697282,113,0.9642,29.6421
105070272,1755169698790,1755169698907,117,0.9641,1037.183
105070277,1755169698790,1755169698907,117,0.964,933.6638
105070278,1755169700013,1755169700125,112,0.964,10
105070280,1755169700284,1755169700402,118,0.964,709.4429
105070288,1755169700284,1755169700402,118,0.9641,4948.3435
105070302,1755169700284,1755169700402,118,0.9642,13144.6671
105070313,1755169700284,1755169700402,118,0.9643,6742.4994
105070326,1755169700284,1755169700402,118,0.9644,11292.4805
105070339,1755169700284,1755169700402,118,0.9645,6280.8638
105070350,1755169700284,1755169700403,119,0.9646,11119.7312
105070363,1755169700284,1755169700403,119,0.9647,12541.6208
105070367,1755169700284,1755169700403,119,0.9648,1784.1463
105070369,1755169700453,1755169700566,113,0.9641,1508.4257
105070370,1755169701648,1755169701760,112,0.9641,428.4257
105070371,1755169701865,1755169701977,112,0.964,10
105070373,1755169702336,1755169702448,112,0.9638,324.8953
105070374,1755169702973,1755169703089,116,0.9638,519.234
105070375,1755169703553,1755169703668,115,0.964,10
105070376,1755169703853,1755169703969,116,0.964,207.4004
105070377,1755169704097,1755169704212,115,0.9638,135.711
105070378,1755169704218,1755169704332,114,0.9638,10
105070379,1755169704616,1755169704731,115,0.9636,10
105070381,1755169705147,1755169705259,112,0.9634,52.266
105070382,1755169705147,1755169705259,112,0.9633,103.4434
105070383,1755169707104,1755169707218,114,0.9632,10
105070385,1755169707836,1755169707951,115,0.963,51.3096
105070386,1755169707836,1755169707951,115,0.963,51.3096
105070854,1755169824469,1755169824594,125,0.9652,50
105070855,1755169824475,1755169824602,127,0.9652,280.7107
105070856,1755169825913,1755169826049,136,0.9652,10
105070858,1755169827682,1755169827810,128,0.965,436.0022
105070864,1755169828328,1755169828450,122,0.965,3601.8787
105070865,1755169828336,1755169828462,126,0.965,100
105070866,1755169828336,1755169828462,126,0.965,100
105070867,1755169828346,1755169828468,122,0.965,20
105070868,1755169828437,1755169828566,129,0.965,100
105070869,1755169828437,1755169828566,129,0.965,100
105070871,1755169828654,1755169828779,125,0.965,822.3839
105070872,1755169828666,1755169828789,123,0.965,200
105070873,1755169828666,1755169828789,123,0.965,200
105070874,1755169828713,1755169828835,122,0.965,657.3507
105070875,1755169829804,1755169829930,126,0.9651,51.3096
105070876,1755169829805,1755169829930,125,0.9651,51.3096
105070877,1755169831395,1755169831522,127,0.9654,20
105070878,1755169831685,1755169831814,129,0.9656,15
105070880,1755169834734,1755169834858,124,0.9655,50.3197
105070881,1755169835792,1755169835918,126,0.9657,300
105070884,1755169837389,1755169837514,125,0.9655,40.1901
105070885,1755169837703,1755169837828,125,0.9657,15
105070886,1755169839151,1755169839282,131,0.9658,15.0001
105070887,1755169839671,1755169839819,148,0.9659,10.568
105070888,1755169840125,1755169840247,122,0.9659,10
105070890,1755169841064,1755169841199,135,0.966,35.555
105070891,1755169841073,1755169841199,126,0.966,0.0003
105070894,1755169842246,1755169842374,128,0.9661,826.1634
105070895,1755169842247,1755169842375,128,0.9661,495.698
105070897,1755169842251,1755169842375,124,0.9662,35
105070900,1755169842252,1755169842375,123,0.9663,377.1177
105070904,1755169842252,1755169842375,123,0.9664,139.8823
105070905,1755169842278,1755169842403,125,0.9664,20
105070906,1755169842321,1755169842443,122,0.9664,16.9574
105070908,1755169843441,1755169843569,128,0.9664,800
105070910,1755169843686,1755169843814,128,0.9664,218.2685
105070911,1755169843687,1755169843814,127,0.9663,306
105070912,1755169843713,1755169843838,125,0.9662,10
105070913,1755169844722,1755169844850,128,0.9661,340.8604
105070916,1755169846299,1755169846427,128,0.9661,606.9475
105070917,1755169846601,1755169846730,129,0.966,15
105070918,1755169847629,1755169847754,125,0.966,15
105070919,1755169848453,1755169848577,124,0.9661,15
105070921,1755169849042,1755169849164,122,0.9662,200
105070922,1755169850989,1755169851114,125,0.9662,345.668
105070924,1755169851455,1755169851577,122,0.9662,200
105070925,1755169851455,1755169851577,122,0.9661,55.8353
105070926,1755169851681,1755169851803,122,0.9661,3.0506
105070931,1755169851681,1755169851804,123,0.966,286.8785
105070932,1755169851852,1755169851990,138,0.966,10
105070934,1755169851858,1755169851991,133,0.9659,51.3096
105070935,1755169851858,1755169851991,133,0.9659,51.3096
105070938,1755169851982,1755169852106,124,0.9658,200.8964
105070939,1755169854236,1755169854362,126,0.9661,11.0572
105070940,1755169855453,1755169855582,129,0.966,10
105070941,1755169855453,1755169855582,129,0.9659,484.947
105070942,1755169856819,1755169856941,122,0.9661,773.959
105070943,1755169856821,1755169856950,129,0.9661,727.372
105070944,1755169856866,1755169856990,124,0.9661,877.3023
105070945,1755169856868,1755169856990,122,0.9661,3127.3867
105070946,1755169856870,1755169856992,122,0.9661,2271.6229
105070947,1755169856872,1755169856996,124,0.9661,930.894
105070948,1755169856876,1755169857007,131,0.9661,300
105070949,1755169856876,1755169857007,131,0.9661,300
105070950,1755169856878,1755169857007,129,0.9661,207.7641
105070951,1755169856976,1755169857098,122,0.9661,300
105070952,1755169856976,1755169857098,122,0.9661,300
105070953,1755169857019,1755169857141,122,0.9661,970
105070954,1755169857019,1755169857141,122,0.9661,2080
105070955,1755169857077,1755169857206,129,0.9661,300
105070956,1755169857077,1755169857207,130,0.9661,300
105070957,1755169857178,1755169857300,122,0.9661,300
105070958,1755169857178,1755169857300,122,0.9661,300
105070959,1755169857279,1755169857405,126,0.9661,300
105070960,1755169857279,1755169857405,126,0.9661,300
105070961,1755169857327,1755169857458,131,0.9661,3675.7877
105070962,1755169857347,1755169857469,122,0.9661,386.856
105070963,1755169857347,1755169857469,122,0.9661,480
105070964,1755169857349,1755169857471,122,0.9661,304.4053
105070965,1755169857413,1755169857538,125,0.9662,20
105070966,1755169858296,1755169858422,126,0.9663,15.5231
105070967,1755169858791,1755169858923,132,0.9663,500
105070968,1755169860044,1755169860175,131,0.9663,206.9047
105070971,1755169860217,1755169860338,121,0.9662,159.0668
105070973,1755169860217,1755169860339,122,0.9661,221.9475
105070975,1755169860219,1755169860346,127,0.966,3192.4029
105070976,1755169860220,1755169860346,126,0.9661,206.9475
105070980,1755169860220,1755169860346,126,0.966,474.753
105070982,1755169860221,1755169860346,125,0.966,715.4317
105070983,1755169860222,1755169860346,124,0.966,3068.5828
105070984,1755169860234,1755169860356,122,0.9661,51.3096
105070985,1755169860234,1755169860356,122,0.9661,51.3096
105070986,1755169860238,1755169860362,124,0.966,10
105070987,1755169860245,1755169860370,125,0.9659,15
105070991,1755169860249,1755169860371,122,0.9658,879.5683
105070992,1755169860250,1755169860372,122,0.9658,121.7207
105070993,1755169860263,1755169860392,129,0.9657,15
105070995,1755169860277,1755169860399,122,0.9657,100
105070997,1755169860294,1755169860422,128,0.9656,25
105070998,1755169860303,1755169860427,124,0.9655,15.0001
105070999,1755169860654,1755169860776,122,0.9654,10
105071000,1755169860746,1755169860872,126,0.9653,100
105071001,1755169860746,1755169860872,126,0.9653,100
105071003,1755169860983,1755169861110,127,0.9654,35
105071004,1755169861215,1755169861342,127,0.9655,15
105071007,1755169861215,1755169861342,127,0.9656,407.8391
105071008,1755169861900,1755169862023,123,0.9655,114.5171
105071009,1755169861900,1755169862023,123,0.9655,114.5171
105071010,1755169861900,1755169862023,123,0.9655,81.58
105071011,1755169862048,1755169862178,130,0.9655,51.3096
105071012,1755169862048,1755169862179,131,0.9655,51.3096
105071014,1755169862048,1755169862179,131,0.9655,51.3096
105071015,1755169862048,1755169862179,131,0.9655,51.3096
105071017,1755169862050,1755169862179,129,0.9655,705.0788
105071018,1755169862093,1755169862222,129,0.9654,10
105071019,1755169862106,1755169862228,122,0.9653,300
105071022,1755169862107,1755169862228,121,0.9653,300
105071023,1755169862233,1755169862358,125,0.9654,26.6302
105071024,1755169862426,1755169862553,127,0.9653,200
105071025,1755169862426,1755169862553,127,0.9653,200
105071026,1755169862794,1755169862917,123,0.9653,811.4412
105071030,1755169862829,1755169862951,122,0.9653,2429.8964
105071035,1755169862829,1755169862951,122,0.9654,1026.4417
105071038,1755169863669,1755169863793,124,0.9654,345.6464
105071039,1755169863750,1755169863874,124,0.9654,51.3096
105071040,1755169863750,1755169863874,124,0.9654,51.3096
105071042,1755169864073,1755169864201,128,0.9655,277.3156
105071043,1755169865603,1755169865726,123,0.9656,15
105071044,1755169866252,1755169866382,130,0.9657,15
105071045,1755169866584,1755169866706,122,0.9657,10
105071048,1755169867161,1755169867283,122,0.9656,96.6137
105071052,1755169868816,1755169868946,130,0.9658,732.0822
105071055,1755169868816,1755169868947,131,0.9657,769.6158
105071056,1755169868856,1755169868978,122,0.9658,200
105071058,1755169868856,1755169868978,122,0.9658,200
105071061,1755169870185,1755169870310,125,0.9658,525
105071064,1755169870185,1755169870314,129,0.9657,495.4578
105071065,1755169871247,1755169871370,123,0.966,20
105071068,1755169871498,1755169871622,124,0.9661,517
105071069,1755169872732,1755169872866,134,0.9661,69.8731
105071071,1755169874487,1755169874614,127,0.9664,108.0832
105071072,1755169874626,1755169874752,126,0.9666,10.1791
105071073,1755169874648,1755169874773,125,0.9664,20.5911
105071076,1755169875442,1755169875565,123,0.9665,1630.8886
105071085,1755169875442,1755169875565,123,0.9666,3336.9845
105071094,1755169875442,1755169875565,123,0.9667,3032.1269
105071095,1755169877686,1755169877808,122,0.9666,236.6766
105071097,1755169877686,1755169877808,122,0.9666,32.4666
105071098,1755169877727,1755169877858,131,0.9667,51.3096
105071099,1755169877727,1755169877858,131,0.9667,51.3096
105071100,1755169878233,1755169878358,125,0.9668,20
105071101,1755169880388,1755169880510,122,0.967,20
105071102,1755169880468,1755169880598,130,0.9671,15.8218
105071105,1755169880468,1755169880598,130,0.9672,35.8754
105071106,1755169881447,1755169881570,123,0.9672,20
105071110,1755169882065,1755169882194,129,0.9671,884.3878
105071111,1755169883073,1755169883195,122,0.9673,20.5169
105071112,1755169883303,1755169883426,123,0.9674,20
105071113,1755169883918,1755169884057,139,0.9674,121.2217
105071114,1755169884469,1755169884598,129,0.9675,56.1026
105071117,1755169887767,1755169887889,122,0.9674,513.9155
105071119,1755169887767,1755169887889,122,0.9673,487.3481
105071120,1755169887906,1755169888034,128,0.9673,100
105071121,1755169887906,1755169888035,129,0.9673,100
105071123,1755169888200,1755169888331,131,0.9672,25
105071127,1755169888200,1755169888331,131,0.9671,1203.9908
105071132,1755169888200,1755169888331,131,0.967,1969.148
105071133,1755169888266,1755169888389,123,0.9671,200
105071134,1755169888266,1755169888389,123,0.9671,200
105071135,1755169889109,1755169889243,134,0.9671,10
105071136,1755169889946,1755169890070,124,0.9671,200
105071137,1755169889946,1755169890070,124,0.9671,200
105071138,1755169892413,1755169892542,129,0.9674,20
105071139,1755169892744,1755169892869,125,0.9674,69.8089
105071140,1755169893206,1755169893334,128,0.9673,100
105071141,1755169893206,1755169893334,128,0.9673,100
105071143,1755169893309,1755169893438,129,0.9673,200
105071144,1755169893309,1755169893439,130,0.9673,200
105071145,1755169893854,1755169893980,126,0.9673,15.507
105071146,1755169894643,1755169894782,139,0.9672,127.3165
105071147,1755169894643,1755169894783,140,0.9671,479.524
105071151,1755169894710,1755169894837,127,0.967,650.9074
105071153,1755169894904,1755169895034,130,0.967,1156.2986
105071154,1755169894984,1755169895107,123,0.9671,100
105071155,1755169895113,1755169895235,122,0.9672,20
105071156,1755169895333,1755169895462,129,0.9674,20
105071157,1755169895938,1755169896184,246,0.9675,32.6741
105071158,1755169895938,1755169896184,246,0.9675,118.3484
105071160,1755169896015,1755169896184,169,0.9676,33.7206
105071161,1755169896061,1755169896185,124,0.9677,309.9111
105071162,1755169896129,1755169896266,137,0.9677,121.07
105071163,1755169896475,1755169896606,131,0.9677,99.92
105071164,1755169896662,1755169896790,128,0.9678,20
105071170,1755169896733,1755169896858,125,0.9678,2807.6512
105071171,1755169896733,1755169896858,125,0.9677,72.791
105071172,1755169896734,1755169896858,124,0.9677,759.4421
105071173,1755169897495,1755169897622,127,0.9678,30.4165
105071175,1755169897691,1755169897813,122,0.9677,62.3957
105071176,1755169897691,1755169897813,122,0.9676,44.2346
105071177,1755169897813,1755169897938,125,0.9676,10
105071179,1755169897900,1755169898022,122,0.9675,166.3829
105071180,1755169899575,1755169899697,122,0.9677,129.7895
105071181,1755169899963,1755169900085,122,0.9678,20
105071183,1755169900684,1755169900810,126,0.9679,35.4533
105071186,1755169901486,1755169901614,128,0.968,100
105071187,1755169901486,1755169901615,129,0.968,100
105071188,1755169901587,1755169901714,127,0.968,200
105071189,1755169901587,1755169901715,128,0.968,200
105071190,1755169901593,1755169901715,122,0.968,338.4456
105071191,1755169901599,1755169901722,123,0.9681,330
105071192,1755169901599,1755169901722,123,0.9681,330
105071193,1755169901606,1755169901730,124,0.968,15.4884
105071194,1755169901623,1755169901751,128,0.9681,330
105071197,1755169901681,1755169901815,134,0.9681,2107.5264
105071198,1755169901687,1755169901816,129,0.9681,300
105071199,1755169901687,1755169901816,129,0.9681,300
105071200,1755169901693,1755169901817,124,0.9681,3.6101
105071202,1755169901874,1755169902002,128,0.9681,12.9
105071203,1755169902036,1755169902162,126,0.9682,20
105071205,1755169902038,1755169902163,125,0.9682,121.0157
105071211,1755169902536,1755169902658,122,0.9682,2017.5
105071213,1755169902540,1755169902662,122,0.9682,2273.671
105071217,1755169902540,1755169902662,122,0.9681,1761.329
105071218,1755169902583,1755169902706,123,0.9683,15.491
105071225,1755169902738,1755169902861,123,0.9681,2664.6641
105071226,1755169902756,1755169902891,135,0.9682,100
105071227,1755169902843,1755169902970,127,0.9681,69.7661
105071228,1755169902857,1755169902978,121,0.9682,100
105071230,1755169902920,1755169903042,122,0.9682,140.0737
105071231,1755169902921,1755169903045,124,0.9682,140.1054
105071232,1755169902921,1755169903045,124,0.9682,49.572
105071234,1755169902921,1755169903045,124,0.9683,50.3662
105071235,1755169902922,1755169903045,123,0.9683,137.8296
105071236,1755169902922,1755169903045,123,0.9683,137.8167
105071237,1755169902922,1755169903045,123,0.9683,56.8226
105071238,1755169902950,1755169903073,123,0.9682,658.2255
105071240,1755169902950,1755169903073,123,0.9681,1238.7183
105071241,1755169903076,1755169903198,122,0.9682,100
105071242,1755169903870,1755169904014,144,0.9683,115.2503
105071243,1755169904068,1755169904198,130,0.9683,75.0499
105071244,1755169905281,1755169905406,125,0.9683,66.6734
105071245,1755169905484,1755169905606,122,0.9683,89.9558
105071246,1755169905779,1755169905901,122,0.9683,89.954
105071247,1755169905935,1755169906065,130,0.9683,80.015
105071248,1755169906238,1755169906366,128,0.9683,89.9871
105071249,1755169906238,1755169906367,129,0.9683,140.0457
105071251,1755169906238,1755169906367,129,0.9683,90.0078
105071252,1755169906239,1755169906367,128,0.9683,89.9539
105071253,1755169906239,1755169906367,128,0.9683,140.0748
105071254,1755169906239,1755169906367,128,0.9683,90.0001
105071255,1755169906239,1755169906367,128,0.9683,140.0457
105071256,1755169906240,1755169906367,127,0.9683,89.9558
105071257,1755169906240,1755169906367,127,0.9683,89.9627
105071258,1755169906241,1755169906367,126,0.9683,90.0001
105071259,1755169906674,1755169906797,123,0.9683,90.0001
105071263,1755169907291,1755169907426,135,0.9682,238.4192
105071264,1755169907291,1755169907426,135,0.9682,0.9538
105071266,1755169907291,1755169907427,136,0.9681,221.5221
105071267,1755169907517,1755169907647,130,0.9681,16.7025
105071270,1755169909463,1755169909594,131,0.968,40.5967
105071272,1755169909464,1755169909594,130,0.9679,221.5647
105071273,1755169909474,1755169909597,123,0.9679,206.5647
105071275,1755169909514,1755169909637,123,0.9678,25
105071279,1755169909514,1755169909637,123,0.9677,677.7365
105071283,1755169909514,1755169909637,123,0.9676,3753.9553
105071289,1755169909514,1755169909637,123,0.9675,5965.1436
105071293,1755169909514,1755169909637,123,0.9674,1155.3076
105071294,1755169909525,1755169909650,125,0.9676,51.3096
105071295,1755169909525,1755169909650,125,0.9676,51.3096
105071296,1755169909529,1755169909655,126,0.9677,360
105071297,1755169909531,1755169909655,124,0.9677,300.3725
105071298,1755169909531,1755169909655,124,0.9678,59.6275
105071299,1755169909532,1755169909655,123,0.9678,360
105071300,1755169909566,1755169909688,122,0.9676,100
105071301,1755169909566,1755169909688,122,0.9676,100
105071302,1755169909850,1755169909978,128,0.9676,309.9431
105071303,1755169911584,1755169911705,121,0.9677,10
105071306,1755169912560,1755169912681,121,0.9677,201.369
105071309,1755169912566,1755169912690,124,0.9676,5949.9167
105071310,1755169912613,1755169912738,125,0.9675,15
105071311,1755169913224,1755169913354,130,0.9675,71.3428
105071312,1755169915753,1755169915875,122,0.9672,10
105071313,1755169917583,1755169917704,121,0.9674,10
105071314,1755169917732,1755169917866,134,0.9674,521.2488
105071315,1755169918473,1755169918596,123,0.9674,10
105071316,1755169918473,1755169918596,123,0.9673,90
105071317,1755169918746,1755169918872,126,0.9674,100
105071318,1755169918746,1755169918874,128,0.9674,100
105071319,1755169920336,1755169920458,122,0.9675,100
105071320,1755169920336,1755169920458,122,0.9675,100
105071323,1755169920345,1755169920467,122,0.9674,202.1549
105071326,1755169920366,1755169920498,132,0.9674,51.3096
105071327,1755169920367,1755169920499,132,0.9674,51.3096
105071329,1755169920367,1755169920499,132,0.9674,727.9124
105071330,1755169920367,1755169920499,132,0.9674,759.757
105071331,1755169920367,1755169920499,132,0.9673,51.3096
105071332,1755169920367,1755169920499,132,0.9673,51.3096
105071333,1755169920367,1755169920499,132,0.9673,51.3096
105071338,1755169920367,1755169920499,132,0.9673,2467.2081
105071339,1755169920367,1755169920499,132,0.9672,19.5121
105071340,1755169920367,1755169920499,132,0.9672,51.3096
105071344,1755169920367,1755169920499,132,0.9672,2107.2922
105071347,1755169920367,1755169920499,132,0.9671,2338.1502
105071354,1755169920367,1755169920499,132,0.967,3349.783
105071360,1755169920367,1755169920499,132,0.9669,6305.7412
105071361,1755169920372,1755169920499,127,0.9668,10
105071362,1755169920376,1755169920508,132,0.9668,362.1326
105071363,1755169920383,1755169920508,125,0.9668,327.8674
105071364,1755169920384,1755169920508,124,0.9669,500.2094
105071365,1755169920433,1755169920560,127,0.967,10
105071366,1755169920840,1755169920966,126,0.967,1026.2985
105071368,1755169920840,1755169920966,126,0.9669,221.7784
105071371,1755169920840,1755169920966,126,0.9668,1150.5272
105071372,1755169921057,1755169921179,122,0.9671,226.0299
105071373,1755169921764,1755169921885,121,0.9672,206.7142
105071374,1755169921804,1755169921930,126,0.9671,15
105071375,1755169921992,1755169922117,125,0.9671,67.809
105071376,1755169922006,1755169922128,122,0.9671,200
105071377,1755169922006,1755169922128,122,0.9671,200
105071378,1755169922009,1755169922134,125,0.9672,10
105071380,1755169922070,1755169922196,126,0.9674,320.0072
105071381,1755169922695,1755169922832,137,0.9676,10
105071382,1755169922802,1755169922924,122,0.9677,14.9337
105071383,1755169923212,1755169923338,126,0.9676,69.7875
105071387,1755169923966,1755169924090,124,0.9677,2911.67
105071388,1755169924163,1755169924290,127,0.9676,10
105071390,1755169924574,1755169924704,130,0.9674,153.692
105071391,1755169924583,1755169924705,122,0.9674,0.0006
105071392,1755169924833,1755169924958,125,0.9672,10
105071393,1755169925730,1755169925851,121,0.9671,620.7153
105071395,1755169925844,1755169925970,126,0.9672,374.8697
105071398,1755169926280,1755169926406,126,0.9672,231.7142
105071401,1755169926282,1755169926407,125,0.9671,4663.3833
105071402,1755169926443,1755169926568,125,0.967,10
105071403,1755169926557,1755169926689,132,0.9669,41.2062
105071404,1755169926753,1755169926880,127,0.9668,10
105071408,1755169926867,1755169926998,131,0.9668,1264.8351
105071409,1755169927652,1755169927778,126,0.9668,10
105071410,1755169927795,1755169927924,129,0.9669,310.1675
105071412,1755169927848,1755169927973,125,0.9669,521.0312
105071413,1755169927869,1755169928006,137,0.967,10
105071415,1755169929579,1755169929700,121,0.967,25
105071416,1755169929623,1755169929750,127,0.9669,15
105071417,1755169929745,1755169929867,122,0.967,10
105071418,1755169929920,1755169930045,125,0.9671,206.7824
105071419,1755169933078,1755169933206,128,0.967,174.3502
105071422,1755169934760,1755169934913,153,0.9668,303.0954
105071423,1755169934764,1755169934923,159,0.9667,500
105071424,1755169934773,1755169934932,159,0.9667,159
105071425,1755169934784,1755169934932,148,0.9667,51.3096
105071426,1755169934784,1755169934932,148,0.9667,51.3096
105071428,1755169935526,1755169935671,145,0.9666,275.162
105071429,1755169935588,1755169935714,126,0.9664,10
105071433,1755169935588,1755169935714,126,0.9662,6572.328
105071434,1755169936656,1755169936778,122,0.9665,410.4733
105071436,1755169936656,1755169936778,122,0.9664,25
105071437,1755169936656,1755169936778,122,0.9663,749.5267
105071438,1755169936953,1755169937082,129,0.9666,10
105071439,1755169937498,1755169937620,122,0.9668,10
105071440,1755169937535,1755169937662,127,0.967,10
105071442,1755169937597,1755169937719,122,0.9669,3083.5828
105071445,1755169937684,1755169937805,121,0.9668,231.799
105071446,1755169937693,1755169937814,121,0.9668,0.0007
105071447,1755169937774,1755169937902,128,0.9667,15
105071448,1755169937913,1755169938035,122,0.9666,10
105071449,1755169939490,1755169939618,128,0.9667,43.0237
105071451,1755169940249,1755169940372,123,0.9668,10.0001
105071452,1755169940256,1755169940382,126,0.9668,200.743
105071455,1755169941345,1755169941474,129,0.9669,979.6153
105071456,1755169941372,1755169941493,121,0.9668,72.8162
105071457,1755169941550,1755169941683,133,0.9668,39.3282
105071458,1755169941571,1755169941698,127,0.9668,1140.663
105071459,1755169942447,1755169942572,125,0.9669,258.1254
105071461,1755169942673,1755169942798,125,0.9667,682.6709
105071463,1755169942683,1755169942805,122,0.9666,25
105071464,1755169942825,1755169942963,138,0.9665,15
105071467,1755169942825,1755169942963,138,0.9664,525
105071471,1755169942825,1755169942963,138,0.9663,3122.3296
105071472,1755169943141,1755169943263,122,0.9664,10
105071474,1755169944095,1755169944217,122,0.9664,593.0423
105071475,1755169944134,1755169944262,128,0.9666,10
105071477,1755169944747,1755169944884,137,0.9666,1366.2947
105071478,1755169945051,1755169945173,122,0.9664,10
105071480,1755169945381,1755169945510,129,0.9663,645.0373
105071482,1755169945381,1755169945511,130,0.9662,1424.397
105071483,1755169945398,1755169945520,122,0.9663,330
105071484,1755169945400,1755169945526,126,0.9663,6.3144
105071485,1755169945400,1755169945526,126,0.9664,323.6856
105071487,1755169945401,1755169945526,125,0.9664,330
105071490,1755169946803,1755169946930,127,0.9663,2189.202
105071497,1755169946803,1755169946931,128,0.9662,3513.7529
105071499,1755169946982,1755169947107,125,0.9663,3275.5579
105071502,1755169946982,1755169947107,125,0.9662,129.4515
105071505,1755169946982,1755169947107,125,0.9661,3191.5625
105071507,1755169949445,1755169949570,125,0.9664,320.3342
105071508,1755169949721,1755169949850,129,0.9664,104.2698
105071509,1755169950373,1755169950506,133,0.9663,15
105071511,1755169950783,1755169950914,131,0.9662,411
105071512,1755169950836,1755169950959,123,0.9662,15.5247
105071513,1755169950931,1755169951058,127,0.9661,582.6121
105071515,1755169951123,1755169951250,127,0.9661,142.665
105071516,1755169951124,1755169951251,127,0.9661,0.0009
105071518,1755169951124,1755169951251,127,0.966,25
105071521,1755169951182,1755169951305,123,0.9659,504.074
105071523,1755169951190,1755169951318,128,0.9658,25
105071525,1755169951675,1755169951806,131,0.9656,25
105071526,1755169952732,1755169952854,122,0.9654,71.3357
105071527,1755169952794,1755169952922,128,0.9654,51.3096
105071528,1755169952794,1755169952922,128,0.9654,51.3096
105071529,1755169952804,1755169952926,122,0.9654,827.3718
105071530,1755169952805,1755169952926,121,0.9654,500
105071531,1755169952805,1755169952926,121,0.9654,1000
105071532,1755169952805,1755169952930,125,0.9654,2500
105071533,1755169952805,1755169952930,125,0.9654,5000
105071534,1755169952806,1755169952930,124,0.9654,500
105071535,1755169952808,1755169952930,122,0.9654,568.7561
105071536,1755169954110,1755169954234,124,0.9655,11.356
105071538,1755169954128,1755169954258,130,0.9656,72.5224
105071539,1755169954134,1755169954259,125,0.9656,248.068
105071540,1755169954138,1755169954260,122,0.9657,15
105071541,1755169954138,1755169954261,123,0.9658,205.0606
105071542,1755169954139,1755169954261,122,0.9658,59.9529
105071543,1755169954139,1755169954261,122,0.9658,420.247
105071546,1755169954140,1755169954262,122,0.9658,29.7395
105071547,1755169954140,1755169954262,122,0.9659,391.2282
105071549,1755169954140,1755169954262,122,0.9659,380.2341
105071550,1755169954140,1755169954262,122,0.9659,240.1188
105071551,1755169954151,1755169954273,122,0.9658,10
105071554,1755169954151,1755169954273,122,0.9659,410.2476
105071555,1755169954153,1755169954278,125,0.9658,390.2271
105071557,1755169954166,1755169954290,124,0.9658,460.2685
105071559,1755169955036,1755169955157,121,0.9656,33.1386
105071561,1755169955036,1755169955157,121,0.9655,3083.5828
105071562,1755169955036,1755169955157,121,0.9654,481.1848
105071563,1755169956551,1755169956673,122,0.9655,112.2983
105071564,1755169956933,1755169957057,124,0.9654,13358.0894
105071565,1755169956949,1755169957071,122,0.9654,84.9161
105071568,1755169959884,1755169960010,126,0.9652,424.5483
105071569,1755169960331,1755169960452,121,0.9652,15.5408
105071570,1755169960955,1755169961077,122,0.9651,112.4102
105071571,1755169961892,1755169962014,122,0.9651,561.1328
105071573,1755169961893,1755169962015,122,0.9651,6568.8902
105071576,1755169962938,1755169963066,128,0.965,71.3428
105071577,1755169963855,1755169963977,122,0.965,93.2132
105071578,1755169964146,1755169964269,123,0.965,1301.2404
105071581,1755169964146,1755169964274,128,0.9649,697.5264
105071583,1755169964146,1755169964274,128,0.9648,1599.1394
105071584,1755169964159,1755169964280,121,0.9649,10
105071585,1755169964160,1755169964282,122,0.9649,100
105071586,1755169965248,1755169965373,125,0.9648,10
105071588,1755169965248,1755169965373,125,0.9647,512.2366
105071589,1755169966442,1755169966564,122,0.9649,517.966
105071592,1755169966445,1755169966572,127,0.965,335.7844
105071593,1755169966633,1755169966755,122,0.965,265.4011
105071594,1755169967513,1755169967638,125,0.965,200.2149
105071598,1755169967720,1755169967847,127,0.965,2142.2203
105071601,1755169967720,1755169967847,127,0.9649,4550.0063
105071604,1755169967837,1755169967960,123,0.965,2117.2337
105071605,1755169967837,1755169967960,123,0.9649,24.9865
105071606,1755169970112,1755169970234,122,0.965,310.7844
105071607,1755169970183,1755169970307,124,0.9651,1027.758
105071608,1755169970186,1755169970307,121,0.9651,455.4652
105071609,1755169970201,1755169970326,125,0.9651,1620
105071610,1755169970206,1755169970331,125,0.9651,51.3096
105071611,1755169970206,1755169970331,125,0.9651,51.3096
105071612,1755169970212,1755169970334,122,0.9651,5785.1576
105071614,1755169970223,1755169970346,123,0.9652,25
105071615,1755169970223,1755169970347,124,0.9653,15
105071618,1755169970223,1755169970347,124,0.9654,68.4788
105071620,1755169972462,1755169972590,128,0.9651,513.9896
105071621,1755169977032,1755169977153,121,0.9651,937.9502
105071622,1755169977148,1755169977273,125,0.9652,51.3096
105071623,1755169977148,1755169977273,125,0.9652,51.3096
105071624,1755169977487,1755169977632,145,0.965,10
105071625,1755169977542,1755169977676,134,0.9648,10
105071626,1755169977669,1755169977798,129,0.9647,30
105071627,1755169977685,1755169977806,121,0.9647,40
105071628,1755169979259,1755169979384,125,0.9646,10
105071630,1755169979259,1755169979384,125,0.9645,62.9573
105071631,1755169979371,1755169979495,124,0.9647,51.3096
105071632,1755169979371,1755169979495,124,0.9647,51.3096
105071633,1755169979371,1755169979495,124,0.9647,202.0362
105071635,1755169979374,1755169979495,121,0.9648,51.3096
105071636,1755169979374,1755169979495,121,0.9648,51.3096
105071637,1755169979375,1755169979496,121,0.9647,257.8672
105071638,1755169979377,1755169979498,121,0.9648,425.4297
105071639,1755169979378,1755169979499,121,0.9649,249.885
105071640,1755169979380,1755169979506,126,0.965,250.1464
105071642,1755169979389,1755169979510,121,0.965,140.804
105071643,1755169980144,1755169980273,129,0.9648,10
105071646,1755169980528,1755169980649,121,0.9646,525
105071648,1755169980536,1755169980657,121,0.9645,1581.8969
105071651,1755169980537,1755169980658,121,0.9644,48.1323
105071654,1755169980558,1755169980682,124,0.9642,79.4871
105071655,1755169981431,1755169981553,122,0.9642,15.5569
105071656,1755169981646,1755169981767,121,0.9641,657.1618
105071660,1755169981648,1755169981769,121,0.964,1151.2417
105071661,1755169981656,1755169981787,131,0.9639,477.2279
105071662,1755169981701,1755169981823,122,0.9638,10
105071663,1755169981873,1755169981999,126,0.9637,15.834
105071664,1755169981877,1755169981999,122,0.9637,0.0005
105071665,1755169981944,1755169982065,121,0.9636,10
105071666,1755169981977,1755169982099,122,0.9634,10
105071668,1755169981978,1755169982099,121,0.9633,120
105071669,1755169981979,1755169982100,121,0.9634,230
105071670,1755169981979,1755169982101,122,0.9634,140
105071671,1755169981982,1755169982104,122,0.9632,10
105071673,1755169981982,1755169982104,122,0.9631,94.6757
105071674,1755169981989,1755169982111,122,0.9633,51.3096
105071675,1755169981989,1755169982112,123,0.9633,51.3096
105071676,1755169982027,1755169982149,122,0.9634,130
105071677,1755169982349,1755169982473,124,0.9631,40
105071678,1755169982352,1755169982473,121,0.9631,8.996
105071680,1755169982352,1755169982473,121,0.9632,31.004
105071682,1755169982478,1755169982602,124,0.9632,15.573
105071683,1755169982763,1755169982885,122,0.9633,15
105071684,1755169983103,1755169983227,124,0.9632,10
105071685,1755169983213,1755169983338,125,0.9633,15
105071686,1755169983823,1755169983945,122,0.9634,10
105071687,1755169983871,1755169983999,128,0.9635,15
105071688,1755169984123,1755169984247,124,0.9636,10
105071689,1755169984133,1755169984255,122,0.9637,15
105071691,1755169984642,1755169984767,125,0.9637,433.5247
105071692,1755169984835,1755169984958,123,0.9638,10
105071695,1755169984852,1755169984973,121,0.9639,47.4641
105071696,1755169985261,1755169985390,129,0.964,10
105071697,1755169985345,1755169985470,125,0.9641,15.0001
105071698,1755169985510,1755169985638,128,0.9642,10
105071699,1755169985973,1755169986098,125,0.9644,10
105071700,1755169986283,1755169986414,131,0.9646,10
105071701,1755169987338,1755169987463,125,0.9648,10
105071702,1755169987965,1755169988091,126,0.965,10
105071705,1755169989423,1755169989545,122,0.9649,928.347
105071706,1755169989486,1755169989610,124,0.965,10
105071708,1755169990184,1755169990321,137,0.9652,320.72
105071709,1755169991228,1755169991353,125,0.9653,2584.0959
105071710,1755169991230,1755169991363,133,0.9653,152.342
105071711,1755169991244,1755169991370,126,0.9653,51.3096
105071712,1755169991244,1755169991371,127,0.9653,51.3096
105071713,1755169991419,1755169991551,132,0.9653,3500
105071714,1755169991453,1755169991574,121,0.9653,920.05
105071715,1755169991453,1755169991583,130,0.9653,2111.6186
105071716,1755169991456,1755169991583,127,0.9653,1174.2743
105071718,1755169991479,1755169991605,126,0.9654,62.0828
105071719,1755169991479,1755169991605,126,0.9654,8.9434
105071722,1755169991479,1755169991605,126,0.9656,53.1394
105071723,1755169991479,1755169991605,126,0.9656,62.0828
105071724,1755169991480,1755169991605,125,0.9656,62.0828
105071725,1755169991481,1755169991605,124,0.9656,62.0828
105071726,1755169991481,1755169991605,124,0.9656,62.0828
105071727,1755169991486,1755169991607,121,0.9656,62.0828
105071728,1755169991723,1755169991854,131,0.9654,10
105071729,1755169991895,1755169992018,123,0.9653,15
105071730,1755169991895,1755169992018,123,0.9652,95.2637
105071732,1755169992453,1755169992574,121,0.9652,72.5048
105071733,1755169992769,1755169992894,125,0.9651,10.317
105071734,1755169992909,1755169993035,126,0.965,10
105071738,1755169993293,1755169993418,125,0.9648,847.4781
105071740,1755169993828,1755169993949,121,0.9648,13.4699
105071742,1755169994023,1755169994146,123,0.9648,21.5301
105071746,1755169994061,1755169994191,130,0.9648,1983.1789
105071750,1755169994061,1755169994191,130,0.9647,1848.9428
105071752,1755169994731,1755169994859,128,0.9649,255.0666
105071753,1755169994731,1755169994859,128,0.9648,301.0479
105071755,1755169995369,1755169995493,124,0.9648,92.771
105071761,1755169995369,1755169995493,124,0.9647,4699.2314
105071771,1755169995369,1755169995493,124,0.9646,6567.3415
105071781,1755169995369,1755169995493,124,0.9645,6853.5092
105071789,1755169995369,1755169995493,124,0.9644,2882.8813
105071790,1755169995369,1755169995493,124,0.9643,904.2656
105071791,1755169995555,1755169995677,122,0.9649,51.3096
105071792,1755169995555,1755169995680,125,0.9649,51.3096
105071793,1755169998792,1755169998924,132,0.9647,1185.3574
105071794,1755169999398,1755169999528,130,0.9648,30.8498
105071797,1755170001282,1755170001410,128,0.965,555.4696
105071798,1755170002357,1755170002478,121,0.9649,98.7253
105071799,1755170002954,1755170003076,122,0.9649,26.9373
105071800,1755170003956,1755170004077,121,0.9648,52.8552
105071801,1755170005326,1755170005450,124,0.9647,54.4111
105071805,1755170005562,1755170005687,125,0.9648,1261.0771
105071812,1755170005562,1755170005687,125,0.9649,3743.9229
105071813,1755170006322,1755170006447,125,0.965,10
105071815,1755170011089,1755170011216,127,0.965,43.474
105071816,1755170011093,1755170011216,123,0.965,0.0009
105071817,1755170012783,1755170012905,122,0.9649,68.4106
105071818,1755170014161,1755170014283,122,0.965,310.7844
105072097,1755170083294,1755170083415,121,0.9666,523.0182
105072099,1755170083302,1755170083418,116,0.9666,775.8466
105072100,1755170083309,1755170083424,115,0.9666,206.846
105072102,1755170083403,1755170083524,121,0.9665,490.944
105072103,1755170083408,1755170083524,116,0.9665,0.0001
105072109,1755170083408,1755170083524,116,0.9664,2361.6439
105072110,1755170083429,1755170083545,116,0.9664,10
105072113,1755170083885,1755170084008,123,0.9663,537.1685
105072114,1755170083889,1755170084008,119,0.9663,11.4315
105072117,1755170084283,1755170084401,118,0.9662,286.1856
105072119,1755170084321,1755170084499,178,0.9662,275.4144
105072124,1755170084322,1755170084533,211,0.9661,1358.719
105072134,1755170084323,1755170084559,236,0.966,5149.583
105072140,1755170084331,1755170084719,388,0.9659,3212.2778
105072141,1755170084336,1755170084719,383,0.966,59.4196
105072142,1755170084340,1755170084720,380,0.9659,1399.5971
105072143,1755170084362,1755170084720,358,0.9659,1668.985
105072144,1755170084388,1755170084720,332,0.9659,0.0007
105072145,1755170084430,1755170084727,297,0.9659,111.4299
105072149,1755170084702,1755170084853,151,0.9659,1706.2512
105072151,1755170084709,1755170084854,145,0.966,759.1574
105072154,1755170084711,1755170084854,143,0.9661,2533.0816
105072157,1755170084714,1755170084863,149,0.9662,792.3179
105072159,1755170084714,1755170084864,150,0.9662,1136.5738
105072160,1755170084730,1755170084865,135,0.9662,410.4733
105072161,1755170084730,1755170084865,135,0.9661,272.0105
105072162,1755170084735,1755170084865,130,0.9661,15
105072163,1755170084951,1755170085069,118,0.9662,556.3622
105072164,1755170085175,1755170085292,117,0.9663,517.215
105072165,1755170085229,1755170085348,119,0.9664,10
105072166,1755170085404,1755170085526,122,0.9664,520.197
105072167,1755170086684,1755170086800,116,0.9665,517.1321
105072168,1755170086735,1755170086850,115,0.9666,10
105072171,1755170090606,1755170090741,135,0.9669,842.0919
105072172,1755170090985,1755170091100,115,0.9669,135.7586
105072183,1755170091009,1755170091127,118,0.9669,4641.175
105072184,1755170091009,1755170091127,118,0.9668,32.9196
105072186,1755170091728,1755170091854,126,0.967,526.8405
105072187,1755170092269,1755170092384,115,0.9671,516.7872
105072190,1755170093549,1755170093669,120,0.9672,1198.6907
105072191,1755170093561,1755170093676,115,0.9673,310.0455
105072194,1755170093561,1755170093676,115,0.9674,1676.93
105072197,1755170093561,1755170093676,115,0.9675,1859.1418
105072199,1755170093561,1755170093676,115,0.9676,1473.8826
105072200,1755170093636,1755170093754,118,0.9673,27.6332
105072202,1755170094519,1755170094634,115,0.9672,25
105072203,1755170094595,1755170094713,118,0.9671,206.7397
105072205,1755170094602,1755170094721,119,0.967,25
105072207,1755170094651,1755170094772,121,0.9669,340.2194
105072209,1755170095406,1755170095522,116,0.967,1298.72
105072210,1755170096667,1755170096786,119,0.9669,10
105072211,1755170098526,1755170098648,122,0.967,62.1068
105072212,1755170098769,1755170098887,118,0.9668,10
105072213,1755170100382,1755170100498,116,0.9668,305.2635
105072214,1755170100382,1755170100498,116,0.9668,305.2637
105072216,1755170100382,1755170100498,116,0.9668,305.2637
105072217,1755170100385,1755170100500,115,0.9668,284.0261
105072218,1755170100385,1755170100500,115,0.9668,256.0295
105072220,1755170101587,1755170101703,116,0.967,948.7025
105072222,1755170101587,1755170101703,116,0.9671,993.2975
105072224,1755170101589,1755170101703,114,0.9671,427.2216
105072229,1755170101589,1755170101704,115,0.9672,2430.7784
105072230,1755170102505,1755170102630,125,0.967,20.4167
105072232,1755170103042,1755170103157,115,0.967,295.3395
105072233,1755170103157,1755170103274,117,0.9671,105.6493
105072236,1755170103157,1755170103275,118,0.9672,335.0776
105072242,1755170103157,1755170103275,118,0.9673,3990.2106
105072244,1755170103157,1755170103275,118,0.9674,369.0625
105072245,1755170103219,1755170103335,116,0.9672,10
105072247,1755170103775,1755170103890,115,0.9673,559.9343
105072251,1755170103775,1755170103890,115,0.9674,835.0657
105072252,1755170103990,1755170104110,120,0.9673,516.68
105072255,1755170103990,1755170104111,121,0.9674,552.32
105072256,1755170104010,1755170104125,115,0.9674,533.587
105072259,1755170104299,1755170104418,119,0.9674,955.632
105072260,1755170104299,1755170104419,120,0.9675,644.368
105072263,1755170104401,1755170104516,115,0.9676,1401
105072267,1755170104407,1755170104523,116,0.9677,2545.4301
105072269,1755170104407,1755170104523,116,0.9678,853.5699
105072270,1755170104469,1755170104584,115,0.9676,10
105072271,1755170105090,1755170105210,120,0.9677,516.4888
105072274,1755170105090,1755170105210,120,0.9678,979.3801
105072280,1755170105090,1755170105211,121,0.9679,3304.1311
105072281,1755170105595,1755170105711,116,0.9677,516.4666
105072283,1755170105595,1755170105711,116,0.9678,1083.5334
105072285,1755170106462,1755170106586,124,0.9677,528.9367
105072288,1755170106462,1755170106587,125,0.9678,207.941
105072291,1755170106462,1755170106587,125,0.9679,1683.9338
105072297,1755170106462,1755170106587,125,0.968,2379.1885
105072298,1755170106903,1755170107023,120,0.9679,516.36
105072300,1755170106903,1755170107023,120,0.968,25
105072303,1755170106903,1755170107023,120,0.9681,1058.64
105072306,1755170106990,1755170107111,121,0.9682,1752.5114
105072311,1755170106990,1755170107111,121,0.9683,2849.7608
105072315,1755170106990,1755170107111,121,0.9684,197.7278
105072316,1755170107022,1755170107137,115,0.9681,410.4733
105072317,1755170107577,1755170107696,119,0.9681,516.2533
105072319,1755170107577,1755170107696,119,0.9682,25
105072322,1755170107577,1755170107696,119,0.9683,1058.7467
105072323,1755170107593,1755170107714,121,0.9682,533.587
105072324,1755170107893,1755170108010,117,0.9683,875.8905
105072327,1755170107893,1755170108010,117,0.9684,40
105072329,1755170107893,1755170108010,117,0.9685,777.1095
105072334,1755170107895,1755170108011,116,0.9685,3107
105072335,1755170108273,1755170108390,117,0.9683,49.6363
105072336,1755170111298,1755170111424,126,0.968,10
105072338,1755170111320,1755170111438,118,0.9679,221.5688
105072339,1755170113017,1755170113142,125,0.9679,516.3599
105072345,1755170113017,1755170113143,126,0.968,1863.2349
105072346,1755170113017,1755170113143,126,0.9681,320.4052
105072349,1755170113217,1755170113334,117,0.968,1247
105072350,1755170113418,1755170113534,116,0.9678,10
105072351,1755170113464,1755170113582,118,0.9678,42
105072352,1755170113471,1755170113586,115,0.9677,206.6115
105072353,1755170113798,1755170113916,118,0.9677,10.9742
105072355,1755170114386,1755170114503,117,0.9676,24.2814
105072356,1755170114399,1755170114514,115,0.9675,15
105072357,1755170115169,1755170115286,117,0.9674,10
105072358,1755170118663,1755170118782,119,0.9675,192.3216
105072360,1755170118889,1755170119008,119,0.9674,84.0279
105072365,1755170118889,1755170119008,119,0.9673,3394.1229
105072374,1755170118889,1755170119008,119,0.9672,6521.8492
105072379,1755170118910,1755170119053,143,0.9672,2203.315
105072385,1755170118911,1755170119057,146,0.9671,2945.5628
105072386,1755170118911,1755170119057,146,0.9671,658.0815
105072396,1755170118914,1755170119065,151,0.967,6559.3157
105072404,1755170118916,1755170119065,149,0.9669,4554.7117
105072405,1755170118920,1755170119065,145,0.9673,51.3096
105072406,1755170118922,1755170119065,143,0.9673,51.3096
105072407,1755170118926,1755170119065,139,0.967,59.4196
105072408,1755170118941,1755170119071,130,0.967,1330
105072409,1755170118943,1755170119071,128,0.9669,3041.255
105072410,1755170118971,1755170119096,125,0.9669,1080
105072412,1755170118977,1755170119103,126,0.9668,1090
105072413,1755170118980,1755170119103,123,0.9668,760.5772
105072414,1755170119204,1755170119322,118,0.9667,670
105072415,1755170119291,1755170119459,168,0.9667,517.0012
105072417,1755170119296,1755170119460,164,0.9668,788.2216
105072420,1755170119300,1755170119470,170,0.9669,1582.4723
105072421,1755170119300,1755170119470,170,0.9669,474.791
105072424,1755170119301,1755170119470,169,0.967,824.1599
105072428,1755170119301,1755170119474,173,0.967,2338.2438
105072429,1755170119306,1755170119479,173,0.967,804.8898
105072430,1755170119322,1755170119482,160,0.967,51.3096
105072431,1755170119322,1755170119482,160,0.967,51.3096
105072432,1755170119324,1755170119495,171,0.967,716.301
105072433,1755170119388,1755170119510,122,0.9672,10
105072434,1755170119739,1755170119858,119,0.9672,15.5574
105072435,1755170120999,1755170121118,119,0.9674,10
105072436,1755170121529,1755170121644,115,0.9676,10
105072437,1755170121579,1755170121706,127,0.9677,88.769
105072438,1755170121645,1755170121763,118,0.9678,10
105072440,1755170121657,1755170121776,119,0.9678,23.06
105072441,1755170121958,1755170122073,115,0.9679,15
105072443,1755170122643,1755170122766,123,0.968,526.3311
105072447,1755170122686,1755170122801,115,0.9681,2643.7935
105072451,1755170122686,1755170122801,115,0.968,3913.1195
105072452,1755170122988,1755170123110,122,0.968,15
105072453,1755170123374,1755170123490,116,0.9678,10
105072457,1755170123374,1755170123494,120,0.9677,2098.7259
105072465,1755170123374,1755170123494,120,0.9676,6778.603
105072467,1755170123374,1755170123494,120,0.9675,1112.6711
105072468,1755170124023,1755170124142,119,0.9676,199.84
105072469,1755170125056,1755170125174,118,0.968,10
105072470,1755170125449,1755170125566,117,0.968,280.1881
105072475,1755170125676,1755170125798,122,0.968,2705
105072476,1755170126099,1755170126214,115,0.9682,10
105072477,1755170126794,1755170126909,115,0.9684,10
105072478,1755170127274,1755170127398,124,0.9685,48.8657
105072479,1755170128755,1755170128878,123,0.9685,51.3096
105072480,1755170128755,1755170128879,124,0.9685,51.3096
105072482,1755170129529,1755170129644,115,0.9686,20.3768
105072484,1755170130703,1755170130822,119,0.9687,23.6576
105072488,1755170130970,1755170131090,120,0.9688,560.0065
105072491,1755170133643,1755170133775,132,0.969,512.5309
105072494,1755170133644,1755170133775,131,0.9691,334.2961
105072497,1755170133913,1755170134030,117,0.9692,30.6599
105072498,1755170133979,1755170134099,120,0.9692,12.2
105072500,1755170134294,1755170134414,120,0.9693,15.475
105072501,1755170135089,1755170135204,115,0.9693,158.442
105072502,1755170135099,1755170135214,115,0.9693,0.0004
105072504,1755170135539,1755170135655,116,0.9694,26.592
105072506,1755170135984,1755170136106,122,0.9693,10.2
105072507,1755170136532,1755170136647,115,0.9694,0.0003
105072510,1755170136609,1755170136724,115,0.9696,75.509
105072511,1755170136619,1755170136734,115,0.9696,0.0007
105072512,1755170137449,1755170137570,121,0.9698,10
105072513,1755170137480,1755170137596,116,0.97,39.2006
105072514,1755170137518,1755170137634,116,0.9699,86.3714
105072516,1755170137983,1755170138098,115,0.9698,148
105072517,1755170138038,1755170138158,120,0.9698,297.1469
105072519,1755170138231,1755170138346,115,0.9698,25
105072521,1755170138580,1755170138698,118,0.9697,522.1854
105072523,1755170138609,1755170138731,122,0.9696,25
105072524,1755170138915,1755170139034,119,0.9696,29.4425
105072527,1755170139058,1755170139173,115,0.9694,41.1534
105072528,1755170139433,1755170139554,121,0.9695,51.5171
105072529,1755170139434,1755170139555,121,0.9695,0.3644
105072531,1755170139434,1755170139555,121,0.9696,51.1527
105072532,1755170139435,1755170139555,120,0.9696,51.5171
105072533,1755170139436,1755170139555,119,0.9696,51.5171
105072534,1755170139437,1755170139555,118,0.9696,51.5171
105072536,1755170139437,1755170139555,118,0.9696,25.4876
105072537,1755170139437,1755170139555,118,0.9697,26.0295
105072538,1755170139439,1755170139555,116,0.9697,51.5171
105072539,1755170139501,1755170139622,121,0.9695,220
105072540,1755170139649,1755170139774,125,0.9696,10
105072544,1755170140315,1755170140430,115,0.9698,2383.856
105072549,1755170140315,1755170140431,116,0.9699,2616.144
105072551,1755170141363,1755170141479,116,0.9698,25
105072555,1755170141379,1755170141496,117,0.9696,705.6291
105072556,1755170141379,1755170141496,117,0.9695,15
105072558,1755170141869,1755170141986,117,0.9694,28.7396
105072560,1755170142006,1755170142121,115,0.9692,25
105072562,1755170142018,1755170142134,116,0.9691,693
105072564,1755170142043,1755170142159,116,0.969,12.451
105072566,1755170142599,1755170142718,119,0.9689,412.775
105072567,1755170142603,1755170142720,117,0.9689,206.3556
105072568,1755170143032,1755170143147,115,0.9688,10
105072570,1755170143047,1755170143162,115,0.9688,51.3096
105072571,1755170143047,1755170143162,115,0.9688,51.3096
105072572,1755170143180,1755170143303,123,0.9688,337.4019
105072573,1755170143180,1755170143303,123,0.9688,91.0238
105072574,1755170144176,1755170144294,118,0.969,10
105072577,1755170144746,1755170144862,116,0.9691,2150.361
105072583,1755170144746,1755170144862,116,0.9692,2683.7021
105072586,1755170144746,1755170144862,116,0.9693,168.1869
105072589,1755170145997,1755170146118,121,0.9691,933.2115
105072592,1755170145997,1755170146119,122,0.969,1064.9985
105072593,1755170147057,1755170147171,114,0.9691,178.2451
105072594,1755170147919,1755170148034,115,0.9694,10
105072596,1755170148357,1755170148478,121,0.9694,17.99
105072597,1755170148439,1755170148557,118,0.9694,7.01
105072599,1755170149021,1755170149150,129,0.9696,80.7807
105072600,1755170149021,1755170149151,130,0.9696,76.7559
105072602,1755170149160,1755170149278,118,0.9695,219.241
105072604,1755170149225,1755170149342,117,0.9694,25
105072605,1755170149389,1755170149503,114,0.9693,15
105072606,1755170151207,1755170151322,115,0.9693,206.3345
105072608,1755170152261,1755170152382,121,0.9692,25.0001
105072610,1755170152261,1755170152383,122,0.9691,847.9879
105072612,1755170152640,1755170152769,129,0.9691,1330.7318
105072617,1755170152641,1755170152769,128,0.969,1676.3278
105072620,1755170152704,1755170152829,125,0.9688,11736.8488
105072621,1755170152708,1755170152837,129,0.9688,251.1675
105072623,1755170152708,1755170152837,129,0.9687,828.8325
105072625,1755170152709,1755170152839,130,0.9687,1668.216
105072633,1755170152710,1755170152843,133,0.9686,4060.8256
105072634,1755170152730,1755170152862,132,0.9686,1080
105072635,1755170152879,1755170152994,115,0.9685,52.9899
105072636,1755170153252,1755170153391,139,0.9685,500
105072638,1755170153252,1755170153391,139,0.9686,319.6293
105072641,1755170153253,1755170153392,139,0.9687,1821.8186
105072642,1755170153256,1755170153392,136,0.9687,111.5129
105072645,1755170153256,1755170153392,136,0.9688,899.745
105072647,1755170153256,1755170153392,136,0.9688,340.7972
105072650,1755170153256,1755170153392,136,0.9688,2107.2791
105072652,1755170153260,1755170153392,132,0.9689,3758.5828
105072653,1755170153261,1755170153392,131,0.969,522.8089
105072657,1755170153262,1755170153392,130,0.969,815.9638
105072659,1755170153651,1755170153766,115,0.969,1317
105072660,1755170154849,1755170154970,121,0.9692,10
105072661,1755170157525,1755170157641,116,0.9692,35.6652
105072662,1755170157720,1755170157836,116,0.9691,206.313
105072665,1755170157720,1755170157836,116,0.969,8544.8558
105072666,1755170157779,1755170157894,115,0.969,10
105072667,1755170160276,1755170160394,118,0.9689,206.3556
105072669,1755170160382,1755170160497,115,0.9688,25
105072670,1755170161919,1755170162034,115,0.9689,15
105072672,1755170162286,1755170162401,115,0.9688,25
105072673,1755170162565,1755170162680,115,0.9687,10
105072674,1755170162719,1755170162834,115,0.9688,10
105072675,1755170164075,1755170164190,115,0.9689,1002.5772
105072677,1755170164660,1755170164841,181,0.9688,13.186
105072678,1755170165138,1755170165262,124,0.9688,15
105072679,1755170165999,1755170166122,123,0.9687,15
105072682,1755170166337,1755170166462,125,0.9688,835.467
105072683,1755170168559,1755170168683,124,0.969,10
105072684,1755170169959,1755170170078,119,0.9692,10
105072685,1755170171165,1755170171279,114,0.9691,15
105072686,1755170171527,1755170171642,115,0.969,10
105072688,1755170171527,1755170171642,115,0.9689,20.3591
105072689,1755170172374,1755170172489,115,0.9692,268.2953
105072693,1755170172374,1755170172490,116,0.9693,2147.2847
105072694,1755170172405,1755170172530,125,0.9693,51.3096
105072695,1755170172405,1755170172531,126,0.9693,51.3096
105072697,1755170172449,1755170172566,117,0.9694,25
105072700,1755170174666,1755170174801,135,0.9694,943.8259
105072703,1755170174666,1755170174801,135,0.9693,1034.1016
105072706,1755170174666,1755170174801,135,0.9692,273.975
105072707,1755170174886,1755170175006,120,0.9696,686.7915
105072715,1755170175376,1755170175494,118,0.9696,2947.7153
105072722,1755170175376,1755170175494,118,0.9697,6607.1342
105072732,1755170175376,1755170175495,119,0.9698,6414.705
105072745,1755170175376,1755170175495,119,0.9699,14512.6547
105072746,1755170175409,1755170175523,114,0.9696,51.3096
105072747,1755170175409,1755170175523,114,0.9696,51.3096
105072748,1755170181660,1755170181776,116,0.9698,10
105072749,1755170183624,1755170183741,117,0.9697,10.3124
105072750,1755170185421,1755170185542,121,0.9698,51.3096
105072751,1755170185421,1755170185543,122,0.9698,51.3096
105072752,1755170185421,1755170185543,122,0.9698,412.7577
105072753,1755170186272,1755170186406,134,0.9698,750.2807
105072756,1755170186275,1755170186415,140,0.9697,482.2039
105072758,1755170186276,1755170186415,139,0.9697,1209.0417
105072759,1755170186284,1755170186415,131,0.9697,690
105072762,1755170186287,1755170186415,128,0.9696,1080
105072766,1755170186311,1755170186438,127,0.9694,4292.6891
105072767,1755170186338,1755170186453,115,0.9693,428.4257
105072768,1755170186338,1755170186454,116,0.9694,344.4116
105072771,1755170186338,1755170186454,116,0.9694,772.8373
105072773,1755170186349,1755170186464,115,0.9694,25
105072774,1755170186350,1755170186466,116,0.9695,15
105072775,1755170186350,1755170186466,116,0.9696,757.8373
105072777,1755170186807,1755170186930,123,0.9694,837.9938
105072781,1755170186808,1755170186933,125,0.9695,1780.2316
105072783,1755170186808,1755170186933,125,0.9695,1697.6718
105072791,1755170186811,1755170186933,122,0.9696,4615.2904
105072797,1755170186812,1755170186934,122,0.9697,4328.7764
105072798,1755170187619,1755170187744,125,0.9698,10
105072799,1755170187743,1755170187864,121,0.9698,282.3375
105072800,1755170190788,1755170190906,118,0.9698,10
105072802,1755170194955,1755170195070,115,0.9698,4717.0032
105072805,1755170194963,1755170195078,115,0.9698,360.5396
105072807,1755170195274,1755170195392,118,0.9697,87.1506
105072808,1755170195331,1755170195539,208,0.9697,40.401
105072810,1755170197470,1755170197584,114,0.9696,216.2067
105072811,1755170197660,1755170197782,122,0.9695,15
105072812,1755170198063,1755170198182,119,0.9695,206.2279
105072813,1755170198209,1755170198326,117,0.9694,10
105072814,1755170199018,1755170199136,118,0.9692,10
105072815,1755170199459,1755170199578,119,0.969,10
105072820,1755170199697,1755170199812,115,0.9688,2429.6937
105072825,1755170199702,1755170199822,120,0.9687,1565.2582
105072832,1755170199702,1755170199823,121,0.9686,3446.406
105072834,1755170199702,1755170199823,121,0.9685,908.5125
105072836,1755170199842,1755170199969,127,0.9687,878.067
105072837,1755170200778,1755170200902,124,0.9688,10
105072838,1755170201509,1755170201626,117,0.969,10
105072839,1755170202919,1755170203034,115,0.9692,10
105072840,1755170203130,1755170203254,124,0.9693,515.6139
105072841,1755170203426,1755170203546,120,0.9694,10
105072842,1755170203438,1755170203573,135,0.9695,308.6279
105072843,1755170203438,1755170203573,135,0.9695,0.714
105072844,1755170203559,1755170203674,115,0.9695,197.4595
105072845,1755170203559,1755170203674,115,0.9695,8.7684
105072847,1755170204748,1755170204872,124,0.9694,874.4028
105072853,1755170204748,1755170204872,124,0.9693,3470.748
105072863,1755170204748,1755170204872,124,0.9692,6705.359
105072869,1755170204748,1755170204872,124,0.9691,3974.3705
105072870,1755170209836,1755170209954,118,0.9697,20
105072871,1755170213806,1755170213926,120,0.9694,10
105072872,1755170214404,1755170214526,122,0.9695,103.1459
105072873,1755170216070,1755170216187,117,0.9694,51.3096
105072874,1755170216072,1755170216190,118,0.9694,51.3096
105072877,1755170220138,1755170220256,118,0.9691,1525.61
105072878,1755170220261,1755170220378,117,0.969,20
105072879,1755170220406,1755170220526,120,0.9689,56.4162
105072882,1755170220407,1755170220534,127,0.9688,199.3283
105072886,1755170220415,1755170220535,120,0.9687,894.4798
105072888,1755170220433,1755170220554,121,0.9686,35
105072890,1755170223833,1755170223950,117,0.9688,59.5215
105072891,1755170223905,1755170224022,117,0.9687,100
105072892,1755170225515,1755170225635,120,0.9687,500
105072894,1755170225634,1755170225754,120,0.9687,792.5893
105072895,1755170229265,1755170229386,121,0.969,10
105072896,1755170229563,1755170229678,115,0.9692,10
105072897,1755170230373,1755170230487,114,0.9693,10
105072898,1755170232124,1755170232242,118,0.9693,74.0512
105072900,1755170232697,1755170232816,119,0.9694,120.3502
105072903,1755170232697,1755170232816,119,0.9695,754.6082
105072904,1755170233539,1755170233656,117,0.9693,15
105072906,1755170234374,1755170234493,119,0.9692,28.7487
105072908,1755170234404,1755170234520,116,0.9692,13.7487
105072909,1755170234443,1755170234558,115,0.9691,15
105072914,1755170234443,1755170234562,119,0.969,1705.7089
105072915,1755170235959,1755170236076,117,0.9692,10
105072916,1755170236549,1755170236667,118,0.9691,15
105072918,1755170237171,1755170237288,117,0.969,74.1448
105072919,1755170238851,1755170238974,123,0.9689,15.0001
105072921,1755170238864,1755170238979,115,0.9688,32.7696
105072923,1755170238888,1755170239010,122,0.9688,51.3096
105072924,1755170238888,1755170239011,123,0.9688,51.3096
105072925,1755170238999,1755170239119,120,0.9687,15
105072928,1755170239322,1755170239441,119,0.9686,1256.5945
105072929,1755170241060,1755170241178,118,0.9686,67.7825
105072930,1755170241449,1755170241574,125,0.9685,20.6504
105072932,1755170242484,1755170242603,119,0.9684,500
105072933,1755170242484,1755170242603,119,0.9684,500
105072934,1755170242484,1755170242603,119,0.9684,619.1623
105072935,1755170242529,1755170242646,117,0.9683,15
105072937,1755170243791,1755170243910,119,0.9684,319.693
105072939,1755170243799,1755170243918,119,0.9684,309.693
105072940,1755170243802,1755170243918,116,0.9684,0.0006
105072941,1755170244190,1755170244312,122,0.9684,20
105072942,1755170247453,1755170247571,118,0.9681,31.0665
105072944,1755170249639,1755170249753,114,0.968,30.6611
105072945,1755170251997,1755170252118,121,0.9682,10.3284
105072946,1755170252993,1755170253112,119,0.9685,51.639
105072948,1755170256496,1755170256616,120,0.9684,103.0427
105072950,1755170257237,1755170257354,117,0.9686,101.5973
105072955,1755170257237,1755170257355,118,0.9687,1498.4027
105072956,1755170257319,1755170257435,116,0.9688,10
105072957,1755170257857,1755170257972,115,0.9689,15
105072962,1755170257857,1755170257972,115,0.969,1585
105072964,1755170258058,1755170258176,118,0.969,61.6131
105072968,1755170258058,1755170258176,118,0.9691,1538.3869
105072969,1755170259010,1755170259125,115,0.9691,83.1885
105072973,1755170259916,1755170260030,114,0.9692,1600
105072978,1755170261334,1755170261450,116,0.9694,1600
105072979,1755170261393,1755170261508,115,0.9693,225.2255
105072980,1755170261586,1755170261700,114,0.9694,515.5593
105072982,1755170261586,1755170261700,114,0.9695,1084.4407
105072985,1755170261897,1755170262012,115,0.9695,1600
105072986,1755170263484,1755170263606,122,0.9695,515.5458
105072989,1755170263484,1755170263606,122,0.9696,332.0414
105072991,1755170263484,1755170263606,122,0.9697,496.4128
105072992,1755170263486,1755170263606,120,0.9697,256
105072993,1755170263891,1755170264011,120,0.9695,615.5907
105072995,1755170264803,1755170264922,119,0.9694,792.1838
105072996,1755170265180,1755170265302,122,0.9695,787.1741
105072998,1755170265180,1755170265303,123,0.9696,812.8259
105073001,1755170266697,1755170266821,124,0.9697,857.0792
105073005,1755170266697,1755170266821,124,0.9698,802.9208
105073006,1755170266697,1755170266821,124,0.9698,802.0792
105073009,1755170266697,1755170266821,124,0.9699,2337.9208
105073013,1755170267667,1755170267790,123,0.9698,1579.8154
105073017,1755170267667,1755170267790,123,0.9699,3220.1846
105073018,1755170268505,1755170268620,115,0.9698,20
105073020,1755170271783,1755170271898,115,0.9698,21.3451
105073022,1755170272706,1755170272829,123,0.9698,1267.9168
105073023,1755170276505,1755170276627,122,0.9697,41.9654
105073025,1755170276544,1755170276665,121,0.9696,226.2067
105073028,1755170276795,1755170276909,114,0.9695,1377.6383
105073030,1755170276795,1755170276910,115,0.9696,222.3617
105073031,1755170280597,1755170280715,118,0.9696,37.9652
105073033,1755170281079,1755170281201,122,0.9694,320.5431
105073034,1755170281319,1755170281433,114,0.9694,10
105073037,1755170285751,1755170285871,120,0.9695,1600
105073039,1755170286337,1755170286461,124,0.9695,1113.7855
105073040,1755170286345,1755170286462,117,0.9694,20
105073041,1755170286351,1755170286467,116,0.9693,206.2705
105073042,1755170286390,1755170286506,116,0.9692,20
105073044,1755170286404,1755170286526,122,0.9692,51.3096
105073045,1755170286404,1755170286527,123,0.9692,51.3096
105073046,1755170286969,1755170287090,121,0.9692,10
105073050,1755170287438,1755170287554,116,0.9692,1600
105073051,1755170287839,1755170287957,118,0.9692,10
105073052,1755170290549,1755170290666,117,0.9692,20
105073054,1755170294729,1755170294850,121,0.969,681.026
105073055,1755170294738,1755170294853,115,0.969,556.79
105073056,1755170294740,1755170294854,114,0.969,1530.3242
105073057,1755170294741,1755170294855,114,0.969,142.4192
105073058,1755170294741,1755170294855,114,0.969,142.419
105073059,1755170294741,1755170294855,114,0.969,142.4192
105073060,1755170294741,1755170294855,114,0.969,740.1879
105073061,1755170295972,1755170296090,118,0.9689,36.9635
105073062,1755170296019,1755170296137,118,0.9688,20
105073063,1755170296462,1755170296582,120,0.9687,88
105073066,1755170296844,1755170296959,115,0.9687,1200.7367
105073067,1755170296844,1755170296959,115,0.9688,399.2633
105073068,1755170297159,1755170297278,119,0.9688,10
105073069,1755170297919,1755170298038,119,0.969,10
105073070,1755170298183,1755170298297,114,0.9689,15.0001
105073071,1755170299700,1755170299817,117,0.9689,30
105073073,1755170301497,1755170301615,118,0.9687,221.3982
105073076,1755170302413,1755170302528,115,0.9686,2090.5705
105073077,1755170302942,1755170303057,115,0.9684,20
105073078,1755170304570,1755170304686,116,0.9683,15
105073079,1755170304783,1755170304900,117,0.9682,20
105073080,1755170305679,1755170305793,114,0.9684,10
105073081,1755170306719,1755170306846,127,0.9686,10
105073082,1755170307808,1755170307926,118,0.9687,195.2113
105073083,1755170307808,1755170307927,119,0.9687,11.1869
105073084,1755170309000,1755170309125,125,0.9686,10
105073085,1755170312249,1755170312365,116,0.9688,10
105074875,1755170944139,1755170944255,116,0.9686,10
105074876,1755170944642,1755170944762,120,0.9687,51.3096
105074877,1755170944642,1755170944762,120,0.9687,51.3096
105074878,1755170945962,1755170946082,120,0.9687,206.39
105074880,1755170945962,1755170946082,120,0.9686,309.6195
105074881,1755170946072,1755170946189,117,0.9686,10
105074882,1755170946072,1755170946189,117,0.9685,22.1105
105074883,1755170952639,1755170952758,119,0.9687,15
105074885,1755170954135,1755170954255,120,0.9686,25
105074886,1755170963196,1755170963312,116,0.9688,309.4857
105074887,1755170966779,1755170966898,119,0.9688,206.37
105074888,1755170966837,1755170966958,121,0.9688,515.7335
105074891,1755170967973,1755170968090,117,0.9689,582.4668
105074893,1755170967989,1755170968105,116,0.969,319.4922
105074894,1755170967999,1755170968115,116,0.9691,15
105074897,1755170977976,1755170978099,123,0.9692,1032.1093
105074898,1755170980049,1755170980166,117,0.9691,10
105074899,1755170984426,1755170984542,116,0.9692,211.5045
105074900,1755170988298,1755170988417,119,0.9693,10.3006
105074902,1755170991551,1755170991667,116,0.9691,57.462
105074904,1755170991646,1755170991766,120,0.969,25.0001
105074905,1755170991734,1755170991854,120,0.9689,15.0001
105074906,1755170991778,1755170991896,118,0.9689,21.4496
105074907,1755170993556,1755170993676,120,0.9689,130.1277
105074908,1755170999109,1755170999228,119,0.9689,51.8707
105074909,1755170999669,1755170999788,119,0.969,10
105074911,1755171000371,1755171000497,126,0.969,25
105074915,1755171001388,1755171001505,117,0.9688,927.1013
105074917,1755171001399,1755171001516,117,0.9687,30
105074920,1755171001404,1755171001530,126,0.9686,525
105074922,1755171001766,1755171001883,117,0.9685,1212.3455
105074923,1755171001769,1755171001885,116,0.9685,764.451
105074924,1755171001770,1755171001887,117,0.9684,15.53
105074925,1755171002209,1755171002330,121,0.9686,10
105074926,1755171002421,1755171002537,116,0.9688,10
105074928,1755171003035,1755171003152,117,0.9689,361.138
105074929,1755171003317,1755171003433,116,0.969,10
105074930,1755171003657,1755171003779,122,0.9692,10
105074934,1755171005109,1755171005226,117,0.9694,124.1175
105074936,1755171005113,1755171005230,117,0.9695,897.4361
105074937,1755171005114,1755171005230,116,0.9695,514.3484
105074938,1755171005227,1755171005343,116,0.9695,25.5817
105074942,1755171005259,1755171005375,116,0.9696,107.509
105074943,1755171005269,1755171005385,116,0.9696,0.0007
105074944,1755171005785,1755171005901,116,0.9698,10
105074945,1755171005974,1755171006090,116,0.9699,15
105074948,1755171006279,1755171006398,119,0.9699,1696.61
105074949,1755171006309,1755171006429,120,0.9698,15
105074950,1755171006500,1755171006618,118,0.9698,62.6
105074951,1755171007367,1755171007483,116,0.9698,10
105074953,1755171007504,1755171007626,122,0.9696,99.7
105074954,1755171007829,1755171007948,119,0.9695,15
105074955,1755171008219,1755171008335,116,0.9694,10
105074956,1755171009524,1755171009643,119,0.9696,10
105074959,1755171010056,1755171010172,116,0.9696,770.7087
105074960,1755171010056,1755171010173,117,0.9696,110.8868
105074961,1755171010680,1755171010797,117,0.9696,206.2005
105074962,1755171011811,1755171011927,116,0.9694,15
105074963,1755171018306,1755171018425,119,0.9694,69.5981
105074964,1755171018319,1755171018435,116,0.9693,15
105074965,1755171020549,1755171020665,116,0.9692,15
105074967,1755171020672,1755171020798,126,0.9693,1192.3278
105074968,1755171020709,1755171020825,116,0.9694,10
105074970,1755171020712,1755171020828,116,0.9695,324.3326
105074971,1755171020729,1755171020845,116,0.9696,10
105074972,1755171020799,1755171020915,116,0.9696,10
105074974,1755171022747,1755171022867,120,0.9697,309.1987
105074976,1755171023314,1755171023433,119,0.9696,22.3138
105074978,1755171024689,1755171024806,117,0.9696,25
105074979,1755171025919,1755171026035,116,0.9698,10
105074980,1755171026051,1755171026167,116,0.9698,206.1579
105074982,1755171026062,1755171026178,116,0.9696,183.3774
105074983,1755171026062,1755171026178,116,0.9696,32.8231
105074984,1755171026069,1755171026186,117,0.9695,38.1748
105074985,1755171026459,1755171026579,120,0.9695,1235.84
105074986,1755171026469,1755171026585,116,0.9695,0.0001
105074987,1755171029234,1755171029353,119,0.9694,10
105074989,1755171029270,1755171029386,116,0.9693,221.2643
105074991,1755171031489,1755171031606,117,0.9692,217.4033
105074995,1755171031642,1755171031759,117,0.9693,2036.1441
105074996,1755171031956,1755171032072,116,0.9693,1107.5134
105074997,1755171032761,1755171032880,119,0.9694,10
105074999,1755171042663,1755171042783,120,0.9697,578.1591
105075000,1755171045819,1755171045938,119,0.9696,15
105075001,1755171048000,1755171048117,117,0.9695,15
105075003,1755171048220,1755171048338,118,0.9694,216.243
105075005,1755171048882,1755171049001,119,0.9693,23009.2847
105075006,1755171048889,1755171049005,116,0.9692,10
105075007,1755171048895,1755171049011,116,0.9691,15
105075008,1755171048898,1755171049014,116,0.9691,257.9313
105075011,1755171048963,1755171049083,120,0.969,1047.5347
105075013,1755171048977,1755171049093,116,0.9689,272.9979
105075014,1755171048979,1755171049096,117,0.9689,257.9979
105075017,1755171049109,1755171049231,122,0.9688,1105
105075018,1755171049639,1755171049756,117,0.9687,15
105075021,1755171049665,1755171049782,117,0.9686,231.413
105075022,1755171049669,1755171049791,122,0.9686,1080
107568180,1756746870672,1756746870782,110,0.8056,1395
107568181,1756746870879,1756746870989,110,0.8057,244.69
107568182,1756746870971,1756746871084,113,0.8058,10
107568184,1756746870971,1756746871084,113,0.8059,65.0666
107568185,1756746883199,1756746883313,114,0.8059,148.9
107568187,1756746897632,1756746897744,112,0.8057,655.4651
107568188,1756746900039,1756746900150,111,0.8056,1514.034
107568189,1756746900041,1756746900151,110,0.8056,5460.0111
107568190,1756746900044,1756746900154,110,0.8056,440.5636
107568191,1756746900052,1756746900169,117,0.8056,2257.9446
107568192,1756746904859,1756746904968,109,0.8052,10
107568194,1756746909315,1756746909425,110,0.805,14.5273
107568195,1756746909315,1756746909425,110,0.805,5.4727
107568196,1756746910594,1756746910705,111,0.805,10
107568197,1756746911427,1756746911536,109,0.805,10
107568198,1756746916120,1756746916231,111,0.8044,10
107568199,1756746916132,1756746916244,112,0.8044,496.463
107568200,1756746917946,1756746918059,113,0.8046,69.9726
107568201,1756746924399,1756746924512,113,0.8049,54.109
107568202,1756746924399,1756746924512,113,0.8049,54.109
107568203,1756746924399,1756746924512,113,0.8049,54.1088
107568204,1756746924609,1756746924719,110,0.805,10
107568205,1756746925699,1756746925809,110,0.8052,10
107568206,1756746926219,1756746926329,110,0.8052,10
107568207,1756746926419,1756746926530,111,0.805,10
107568208,1756746926652,1756746926762,110,0.8049,113.6
107568209,1756746936269,1756746936378,109,0.8046,10
107568210,1756746949129,1756746949241,112,0.8045,60.4116
107568211,1756746949129,1756746949242,113,0.8045,60.4116
107568212,1756746949130,1756746949242,112,0.8045,310.7
107568213,1756746954508,1756746954623,115,0.8048,10
107568214,1756746954511,1756746954633,122,0.8049,223.628
107568216,1756746954690,1756746954804,114,0.805,205.473
107568217,1756746959250,1756746959364,114,0.8054,10
107568218,1756746961689,1756746961801,112,0.8056,10
107568219,1756746963494,1756746963612,118,0.8056,148.9558
107568220,1756746965254,1756746965366,112,0.8053,122.434
107568221,1756746967755,1756746967866,111,0.8051,223.628
107568222,1756746975860,1756746975976,116,0.8055,92.3863
107568223,1756746980888,1756746981014,126,0.8053,60.4116
107568224,1756746980888,1756746981014,126,0.8053,60.4116
107568225,1756746985911,1756746986020,109,0.8056,10
107568227,1756746992444,1756746992556,112,0.8057,124.5547
107568229,1756746996966,1756746997079,113,0.806,1405
107568230,1756747001405,1756747001517,112,0.8061,14.0602
107568232,1756747002168,1756747002295,127,0.806,343.5481
107568233,1756747012309,1756747012419,110,0.8061,102.442
107568234,1756747012355,1756747012466,111,0.8061,0.0006
107568235,1756747013335,1756747013448,113,0.8062,10
107568236,1756747016789,1756747016914,125,0.8063,23.123
107568238,1756747016789,1756747016915,126,0.8064,168.8527
107568239,1756747016812,1756747016930,118,0.8064,10
107568241,1756747017052,1756747017221,169,0.8064,655.3388
107568242,1756747017202,1756747017315,113,0.8065,60.7563
107568243,1756747017214,1756747017323,109,0.8065,324.8605
107568246,1756747017221,1756747017335,114,0.8065,181.0291
107568247,1756747017222,1756747017335,113,0.8065,243.6453
107568248,1756747017227,1756747017340,113,0.8065,535.6478
107568249,1756747017230,1756747017342,112,0.8065,312.4612
107568250,1756747024155,1756747024283,128,0.8064,506.5278
107568252,1756747024162,1756747024306,144,0.8063,898.4722
107568253,1756747024163,1756747024306,143,0.8063,191.9757
107568254,1756747024168,1756747024306,138,0.8063,43.3815
107568255,1756747026262,1756747026382,120,0.8065,24.7985
107568256,1756747026926,1756747027038,112,0.8065,61.9962
107568258,1756747037765,1756747037877,112,0.8066,31.662
107568260,1756747038544,1756747038654,110,0.8068,60.4116
107568261,1756747038544,1756747038654,110,0.8068,60.4116
107568262,1756747040938,1756747041048,110,0.8062,10
107568263,1756747053539,1756747053650,111,0.8058,10
107568265,1756747061244,1756747061361,117,0.8059,67.0058
107568267,1756747069045,1756747069158,113,0.8056,789.8306
107568268,1756747069744,1756747069857,113,0.8056,187.7437
107568270,1756747070861,1756747070973,112,0.8059,124.0848
107568271,1756747095449,1756747095559,110,0.8058,550.4192
107568273,1756747096637,1756747096751,114,0.8058,158.9218
107568277,1756747096647,1756747096762,115,0.8057,1055.8366
107568278,1756747096647,1756747096762,115,0.8056,185.7825
107568279,1756747096794,1756747096904,110,0.8056,10
107568280,1756747096830,1756747096945,115,0.8055,100
107568281,1756747096870,1756747096979,109,0.8054,10
107568282,1756747096904,1756747097016,112,0.8052,10
107568283,1756747096984,1756747097097,113,0.8052,90
107568285,1756747100004,1756747100115,111,0.8052,138.3115
107568286,1756747102439,1756747102550,111,0.8052,223.549
107568288,1756747104171,1756747104303,132,0.8053,696.6899
107568290,1756747104177,1756747104327,150,0.8054,233.4936
107568298,1756747104242,1756747104353,111,0.8056,2423.53
107568299,1756747109793,1756747109916,123,0.8056,84
107568302,1756747116868,1756747116981,113,0.8054,860.2108
107568304,1756747116868,1756747116981,113,0.8053,1416.7892
107568306,1756747123306,1756747123418,112,0.8056,233.4404
107568307,1756747137121,1756747137235,114,0.8055,388
107568308,1756747137759,1756747137872,113,0.8054,10
107568309,1756747160316,1756747160426,110,0.8054,62.0655
107568310,1756747160588,1756747160703,115,0.8054,15
107568311,1756747165184,1756747165296,112,0.8054,1008.0147
107568312,1756747165299,1756747165419,120,0.8054,2990.8019
107672393,1756891298275,1756891298379,104,0.8302,10
107672394,1756891329118,1756891329264,146,0.8299,12.0497
107672400,1756891329118,1756891329264,146,0.8298,1390.8543
107672401,1756891329126,1756891329268,142,0.8298,462.968
107672402,1756891329127,1756891329268,141,0.8298,10
107672405,1756891329127,1756891329268,141,0.8297,110.01
107672406,1756891329575,1756891329685,110,0.8297,154.692
107672407,1756891329585,1756891329689,104,0.8297,0.0003
107672408,1756891330425,1756891330532,107,0.8296,10
107672410,1756891332505,1756891332614,109,0.8295,130.498
107672412,1756891332515,1756891332619,104,0.8295,12.056
107672413,1756891333405,1756891333514,109,0.8294,10
107672414,1756891336356,1756891336464,108,0.8294,49.9426
107672415,1756891344835,1756891344939,104,0.8294,317.491
107672416,1756891344845,1756891344949,104,0.8294,0.0006
107672417,1756891375785,1756891375902,117,0.8291,361.841
107672418,1756891376245,1756891376351,106,0.8292,12.0591
107672419,1756891376256,1756891376363,107,0.8292,12.059
107672421,1756891389607,1756891389712,105,0.829,70.003
107672422,1756891392434,1756891392541,107,0.829,30.5658
107672428,1756891409800,1756891409908,108,0.8292,1428.4991
107672430,1756891412233,1756891412358,125,0.8292,721.745
107672431,1756891412234,1756891412358,124,0.8292,48.9509
107672432,1756891438135,1756891438242,107,0.8294,241.14
107672435,1756891442309,1756891442422,113,0.8294,329.4748
107672436,1756891442315,1756891442423,108,0.8294,10.9507
107672437,1756891511365,1756891511470,105,0.8302,241.14
107672439,1756891523923,1756891524030,107,0.8303,71.5735
107672441,1756891529792,1756891529900,108,0.8304,922.7075
107672442,1756891532219,1756891532325,106,0.8305,67.4009
107672444,1756891561989,1756891562102,113,0.8305,1430.0303
107672445,1756891594022,1756891594130,108,0.8308,16.0132
107672447,1756891638590,1756891638698,108,0.8303,1300
107672452,1756891673296,1756891673402,106,0.8306,6926.9143
107672461,1756891673296,1756891673402,106,0.8307,7418.6671
107672476,1756891673296,1756891673402,106,0.8308,16335.9242
107672485,1756891673296,1756891673402,106,0.8309,13058.4815
107672486,1756891674793,1756891674918,125,0.8306,1395
107672488,1756891680976,1756891681081,105,0.8303,84.2454
107672489,1756891680983,1756891681090,107,0.8303,12.0439
107672495,1756891685958,1756891686066,108,0.8303,4469.4062
107672496,1756891685962,1756891686068,106,0.8303,12.0439
107672497,1756891685966,1756891686073,107,0.8302,10
107672501,1756891685967,1756891686073,106,0.8301,752.9821
107672503,1756891685967,1756891686073,106,0.83,451.8372
107672506,1756891685967,1756891686073,106,0.83,624.0348
107672508,1756891685967,1756891686073,106,0.8299,175.9652
107672509,1756891686018,1756891686123,105,0.8301,828.0314
107672511,1756891686781,1756891686885,104,0.8302,25
107672512,1756891706336,1756891706442,106,0.8303,100
107672513,1756891709379,1756891709488,109,0.8303,574.4089
107672514,1756891720409,1756891720530,121,0.8306,96.7445
107672515,1756891731338,1756891731444,106,0.8305,12.0403
107672516,1756891731340,1756891731444,104,0.8306,3406.4527
107672518,1756891731357,1756891731461,104,0.8306,365.0807
107672519,1756891731570,1756891731675,105,0.8307,12.0417
107672520,1756891786143,1756891786247,104,0.8305,24.998
107672521,1756891812454,1756891812562,108,0.8303,12.0439
107672524,1756891812454,1756891812562,108,0.8304,590.003
107672525,1756891837208,1756891837313,105,0.8304,395.6637
107672526,1756891839489,1756891839596,107,0.8305,10.8322
107672528,1756891839495,1756891839599,104,0.8306,895.5817
107672529,1756891839505,1756891839610,105,0.8306,25.0157
107672530,1756891853396,1756891853501,105,0.8309,60.1172
107672531,1756891853396,1756891853501,105,0.8309,60.1172
107672534,1756891853933,1756891854040,107,0.831,60.1172
107672535,1756891853933,1756891854040,107,0.831,60.1172
107672540,1756891855410,1756891855519,109,0.8309,2000
107672541,1756891857859,1756891857964,105,0.831,13.5451
107672542,1756891859175,1756891859282,107,0.831,28.8801
107672544,1756891860512,1756891860621,109,0.831,128.9122
107672546,1756891861275,1756891861381,106,0.8311,215.8218
107672548,1756891862937,1756891863043,106,0.8312,388.4369
107672549,1756891865404,1756891865511,107,0.8313,16.5215
107672550,1756891866936,1756891867044,108,0.8313,64.5564
107672552,1756891870387,1756891870495,108,0.8314,20.2894
107672555,1756891870387,1756891870495,108,0.8315,60.1172
107672556,1756891870387,1756891870495,108,0.8315,60.1172
107672557,1756891885203,1756891885308,105,0.8314,4262.7564
107672560,1756891887995,1756891888099,104,0.831,262.712
107672561,1756891888006,1756891888110,104,0.831,12.033
107672562,1756891888008,1756891888116,108,0.8309,796.7179
107672563,1756891892356,1756891892460,104,0.8306,10
107672564,1756891900195,1756891900300,105,0.8303,240.881
107672568,1756891919606,1756891919711,105,0.8299,2941.7537
107672569,1756891929328,1756891929439,111,0.8299,35.72
107672572,1756891939493,1756891939600,107,0.8295,951.3772
107672574,1756891946991,1756891947099,108,0.8292,33.7306
107672577,1756891946991,1756891947099,108,0.8291,433.0813
107672582,1756891951814,1756891951918,104,0.8292,373.143
107672583,1756891953211,1756891953318,107,0.8293,10.06
107672584,1756891955916,1756891956020,104,0.8292,1117.8607
107672585,1756891969825,1756891969929,104,0.8293,4.9401
107672587,1756891987315,1756891987421,106,0.8294,25.17
107672588,1756891987326,1756891987430,104,0.8294,10.404
107672589,1756891987635,1756891987740,105,0.8295,490.052
107672590,1756891990734,1756891990844,110,0.8296,10
107672593,1756891991942,1756891992049,107,0.8297,195.2512
107672594,1756891992851,1756891992955,104,0.8298,10
107672595,1756891996125,1756891996229,104,0.8299,11.367
107672596,1756891996135,1756891996239,104,0.8299,0.0004
107672598,1756892014670,1756892014778,108,0.8303,88.761
107672599,1756892026921,1756892027027,106,0.8302,128.373
107672602,1756892064817,1756892064923,106,0.8308,50
107672605,1756892066016,1756892066136,120,0.831,188.454
107672606,1756892067955,1756892068062,107,0.831,2496.4362
107672607,1756892084197,1756892084303,106,0.831,15
107672610,1756892084197,1756892084303,106,0.8311,345.9691
107672611,1756892095676,1756892095782,106,0.8309,240.707
107672612,1756892099179,1756892099290,111,0.8308,828.0314
107672613,1756892104242,1756892104349,107,0.8307,46.784
107672614,1756892107374,1756892107480,106,0.8307,380.2915
107672615,1756892109033,1756892109137,104,0.8309,15.0001
107672616,1756892110892,1756892111019,127,0.8309,39.5899
107672622,1756892140965,1756892141072,107,0.8304,3708.8061
107672623,1756892154514,1756892154628,114,0.8304,27.6974
107672624,1756892157806,1756892157910,104,0.8305,240.71
107672626,1756892157854,1756892157967,113,0.8306,17
107672627,1756892160762,1756892160870,108,0.8305,10
107672630,1756892168806,1756892168917,111,0.8303,96.5967
107672631,1756892169085,1756892169189,104,0.8304,10
107672635,1756892202728,1756892202833,105,0.8304,300.9391
107672636,1756892222504,1756892222613,109,0.8303,393.3714
107672638,1756892234755,1756892234860,105,0.8301,25.9679
107672639,1756892234766,1756892234869,103,0.8301,12.046
107672640,1756892238860,1756892238963,103,0.8301,46.807
107672641,1756892239735,1756892239841,106,0.83,54.609
107672647,1756892250828,1756892250935,107,0.8297,1827.9151
107672648,1756892250828,1756892250935,107,0.8296,449.0849
107672650,1756892255360,1756892255466,106,0.8299,504.9914
107672651,1756892259715,1756892259821,106,0.8302,12.051
107672652,1756892259717,1756892259823,106,0.8302,0.0009
107672653,1756892274135,1756892274245,110,0.8303,27.327
107672654,1756892274255,1756892274362,107,0.8303,574.4525
107672655,1756892283277,1756892283384,107,0.8306,10
107672657,1756892288891,1756892289000,109,0.8307,389.5055
107672660,1756892306724,1756892306830,106,0.8302,37.0453
107672661,1756892306724,1756892306830,106,0.8301,83.0258
107672662,1756892316107,1756892316212,105,0.8306,12.0432
107672663,1756892318044,1756892318149,105,0.8306,36.6868
107672665,1756892337172,1756892337279,107,0.8303,25.35
107672666,1756892340556,1756892340658,102,0.83,10
107672667,1756892341745,1756892341848,103,0.8298,10
107672670,1756892344834,1756892344943,109,0.8296,120
107672671,1756892347766,1756892347873,107,0.8295,12.055
107672672,1756892350733,1756892350837,104,0.8294,60.1172
107672673,1756892350733,1756892350837,104,0.8294,60.1172
107672674,1756892352806,1756892352915,109,0.8294,175.7656
107672675,1756892383288,1756892383394,106,0.8294,18.061
107672676,1756892385859,1756892385970,111,0.8294,35.76
107672677,1756892410062,1756892410166,104,0.8294,208.2561
107672680,1756892412890,1756892412996,106,0.8294,269.782
107672682,1756892418762,1756892418865,103,0.8295,32.055
107672683,1756892422516,1756892422625,109,0.8295,119.7659
107672684,1756892424568,1756892424672,104,0.8296,396.1884
107672685,1756892427235,1756892427337,102,0.8298,240
107672686,1756892428481,1756892428587,106,0.83,59.2841
107672687,1756892455989,1756892456098,109,0.8306,10
107672688,1756892460565,1756892460672,107,0.8308,385.4192
107672689,1756892470034,1756892470141,107,0.831,10
107672690,1756892470034,1756892470141,107,0.8311,67.8403
107672692,1756892471946,1756892472052,106,0.8309,381.5717
107672696,1756892472131,1756892472234,103,0.8311,1313.9199
107672701,1756892472136,1756892472239,103,0.8311,3905.3895
107672708,1756892472136,1756892472239,103,0.8312,3313.6411
107672710,1756892479449,1756892479552,103,0.8311,27.6041
107672713,1756892482909,1756892483060,151,0.8311,3092.0067
107672720,1756892482913,1756892483061,148,0.8312,3032.7515
107672722,1756892485395,1756892485503,108,0.8314,377.5379
107672723,1756892486266,1756892486370,104,0.8314,10
107672724,1756892486276,1756892486379,103,0.8313,15
107672725,1756892490875,1756892490979,104,0.8312,10
107672726,1756892491215,1756892491318,103,0.8314,10
107672728,1756892491254,1756892491358,104,0.8314,15
107672729,1756892496632,1756892496738,106,0.8315,36.3829
107672730,1756892498534,1756892498640,106,0.8316,31.3649
107672731,1756892499523,1756892499629,106,0.8316,595.7783
107672733,1756892500538,1756892500644,106,0.8315,373.7064
107672734,1756892522411,1756892522518,107,0.831,105.2247
107672737,1756892534666,1756892534772,106,0.8308,80.0013
107672740,1756892550587,1756892550689,102,0.8306,37.0396
107672741,1756892550587,1756892550689,102,0.8305,82.9267
107672743,1756892552940,1756892553045,105,0.8308,22.0388
107672744,1756892574757,1756892574863,106,0.8309,11.2472
