tradeID,ts_exchange_ms,ts_received_ms,delay,price,volume
28714603,1757187050845,1757187051001,156,858.9,0.001164
28715820,1757195443028,1757195443147,119,859.5,0.005318
28715821,1757195472973,1757195473092,119,859.5,0.009041
28715822,1757195516792,1757195516911,119,859.7,0.027029
28715823,1757195516854,1757195516973,119,859.6,0.030875
28715825,1757195516866,1757195516982,116,859.6,1.089887
28715826,1757195527016,1757195527135,119,859.6,0.129996
28715827,1757195555559,1757195555678,119,859.5,0.012
28715828,1757195593338,1757195593454,116,859.6,0.065397
28715829,1757195636433,1757195636611,178,859.6,0.025997
28715830,1757195653011,1757195653135,124,859.5,0.02323
28715831,1757195656001,1757195656120,119,859.6,0.06484
28715833,1757195683827,1757195683954,127,859.3,0.119999
28715834,1757195698151,1757195698270,119,859.3,0.030859
28715835,1757195698151,1757195698270,119,859.3,0.030859
28715836,1757195698152,1757195698270,118,859.3,0.03086
28715837,1757195701208,1757195701328,120,859.3,0.079999
28715840,1757195752257,1757195752376,119,859.2,1.174
28715841,1757195788371,1757195788487,116,859,0.001
28715843,1757195796094,1757195796214,120,858.8,0.01313
28715847,1757195869589,1757195869751,162,858.8,3.554359
28715848,1757195869592,1757195869760,168,858.8,1.387205
28715849,1757195869592,1757195869760,168,858.8,0.948847
28715850,1757195869593,1757195869760,167,858.8,0.71025
28715851,1757195869593,1757195869760,167,858.8,0.593723
28715852,1757195873059,1757195873176,117,858.8,0.356766
28715853,1757195873197,1757195873317,120,858.9,0.001083
28715855,1757195901588,1757195901712,124,859.1,1.19898
28715856,1757195916376,1757195916495,119,859.1,0.020005
28715857,1757195919720,1757195919839,119,859.1,0.020006
28715858,1757195927334,1757195927453,119,859.1,0.016906
28715859,1757195999465,1757195999584,119,859,0.013103
28715860,1757196005359,1757196005479,120,859,0.005355
28715861,1757196013080,1757196013196,116,859,0.03695
28715862,1757196015770,1757196015890,120,859.1,0.004656
28715863,1757196016592,1757196016709,117,859.1,0.00582
28715864,1757196018960,1757196019080,120,859.1,0.01164
28715865,1757196018968,1757196019085,117,859.1,0.00873
28715866,1757196019784,1757196019901,117,859.1,0.002328
28715867,1757196021358,1757196021478,120,859.1,0.002328
28715868,1757196022159,1757196022279,120,859.1,0.00582
28715869,1757196022980,1757196023096,116,859.1,0.036987
28715870,1757196023784,1757196023900,116,859.1,0.002328
28715871,1757196033038,1757196033155,117,859,0.03695
28715872,1757196041799,1757196041919,120,859.1,0.020005
28715873,1757196045381,1757196045502,121,859.1,0.020006
28715874,1757196051049,1757196051168,119,859.1,0.017006
28715875,1757196054676,1757196054795,119,859.1,0.054708
28715876,1757196064539,1757196064658,119,858.9,0.065131
28715877,1757196067086,1757196067310,224,858.8,0.011644
28715878,1757196068083,1757196068202,119,858.8,1.266597
28715879,1757196068265,1757196068384,119,858.8,1.332925
28715881,1757196068552,1757196068672,120,858.8,1.472576
28715883,1757196071310,1757196071431,121,858.7,0.119999
28715884,1757196083071,1757196083191,120,858.6,0.001
28715887,1757196083071,1757196083191,120,858.5,0.00503
28715888,1757196085556,1757196085675,119,858.5,0.119999
28715889,1757196093374,1757196093494,120,858.5,0.060019
28715891,1757196099332,1757196099451,119,858.5,0.010669
28715895,1757196105744,1757196105867,123,858.4,2.601994
28715896,1757196122978,1757196123097,119,858.3,0.001144
28715898,1757196133259,1757196133379,120,858.2,0.002686
28715899,1757196138416,1757196138536,120,858.2,1.727696
28715900,1757196146723,1757196146848,125,858.3,1.01918
28715901,1757196147716,1757196147836,120,858.2,0.001
28715904,1757196147823,1757196147942,119,858.1,1.33662
28715906,1757196159936,1757196160056,120,858.2,0.008141
28715907,1757196184916,1757196185036,120,858.1,0.053674
28715908,1757196198861,1757196198980,119,858.1,0.061829
28715911,1757196204278,1757196204397,119,858,0.058276
28715912,1757196228486,1757196228606,120,858.3,0.923966
28715913,1757196231260,1757196231377,117,858.2,0.00818
28715915,1757196231322,1757196231442,120,858.2,0.174829
28715916,1757196231323,1757196231442,119,858.2,0.174829
28715917,1757196231323,1757196231442,119,858.2,0.216913
28715918,1757196233037,1757196233157,120,858.3,0.010514
28715919,1757196241796,1757196241915,119,858.1,0.119999
28715920,1757196246937,1757196247054,117,858,0.119999
28715922,1757196271921,1757196272040,119,858,0.285188
28715923,1757196282027,1757196282145,118,858.1,0.010004
28715924,1757196310095,1757196310212,117,858,0.130303
28715925,1757196338115,1757196338235,120,857.9,0.007917
28715926,1757196347116,1757196347236,120,858,0.0063
28715927,1757196368587,1757196368707,120,858,0.498951
28715928,1757196371392,1757196371512,120,858,1.436197
28715929,1757196373365,1757196373486,121,858,0.012071
28715930,1757196383034,1757196383154,120,857.9,0.020489
28715931,1757196394411,1757196394531,120,858,0.001165
28715933,1757196399189,1757196399308,119,858,0.81732
28715934,1757196410682,1757196410802,120,858.1,0.016008
28715935,1757196423040,1757196423160,120,858,0.026032
28715936,1757196432988,1757196433111,123,858.1,0.025671
28715937,1757196443068,1757196443188,120,858,0.025646
28715938,1757196471023,1757196471142,119,857.9,0.03966
28715939,1757196480149,1757196480269,120,858,0.128799
28715940,1757196490569,1757196490689,120,858,0.03704
28715942,1757196520581,1757196520701,120,858.3,0.034037
28715944,1757196533624,1757196533746,122,858.3,4.659733
28715945,1757196580563,1757196580681,118,858.3,0.119999
28715946,1757196601271,1757196601388,117,858.2,0.025946
28715947,1757196609566,1757196609686,120,858.4,0.19687
28715948,1757196638738,1757196638858,120,858.3,0.5
28715950,1757196672986,1757196673103,117,858.3,0.984663
28715952,1757196713905,1757196714074,169,858.2,1.145008
28715954,1757196801661,1757196801781,120,858.5,0.028996
28715955,1757196814325,1757196814529,204,858.5,0.035527
28715957,1757196827490,1757196827609,119,858.6,0.081276
28715958,1757196832980,1757196833100,120,858.5,0.0109
28715959,1757196839702,1757196839822,120,858.6,0.026995
28715960,1757196854783,1757196854903,120,858.6,0.032035
28715961,1757196874749,1757196874871,122,858.6,0.026995
28715962,1757196909783,1757196909967,184,858.6,0.024996
28715963,1757196935028,1757196935146,118,858.3,0.025397
28715964,1757196935028,1757196935146,118,858.2,0.094602
28715968,1757196935036,1757196935152,116,858.2,11.885619
28715969,1757196975384,1757196975504,120,858.4,0.00134
28715970,1757196992745,1757196992865,120,858.4,0.00893
28715971,1757197030916,1757197031039,123,858.4,0.027997
28715972,1757197051526,1757197051648,122,858.4,0.311342
28715973,1757197067368,1757197067488,120,858.2,0.119999
28715974,1757197093986,1757197094109,123,858.2,0.1
28715975,1757197100942,1757197101061,119,858.3,0.051924
28715976,1757197152886,1757197153230,344,858.4,0.19304
28715978,1757197180061,1757197180180,119,858.6,0.024997
28715979,1757197193001,1757197193117,116,858.6,0.036546
28715981,1757197208880,1757197208999,119,858.7,0.64505
28715982,1757197210677,1757197210801,124,858.8,0.107199
28715986,1757197245338,1757197245457,119,858.9,0.812092
28715987,1757197282172,1757197282290,118,858.9,0.024994
28715988,1757197303400,1757197303516,116,858.9,0.390167
28715990,1757197315200,1757197315318,118,858.9,0.029993
28715992,1757197332008,1757197332164,156,859,0.198837
28715993,1757197348805,1757197348923,118,858.9,1.55531
28715994,1757197354235,1757197354353,118,858.9,0.027994
28715995,1757197384106,1757197384224,118,858.9,0.031
28715996,1757197391274,1757197391392,118,858.9,0.028993
28715997,1757197397334,1757197397451,117,858.9,0.030853
28715998,1757197419553,1757197419671,118,858.5,0.1
28716000,1757197428512,1757197428629,117,858.4,0.069999
28716001,1757197429761,1757197429879,118,858.4,0.429579
28716002,1757197458598,1757197458718,120,858.4,0.129
28716003,1757197459042,1757197459159,117,858.4,0.259
28716005,1757197459485,1757197459603,118,858.4,0.147
28716008,1757197491899,1757197492017,118,858.2,0.119999
28716009,1757197493067,1757197493184,117,858.2,0.010948
28716010,1757197493067,1757197493184,117,858.3,0.011076
28716011,1757197498124,1757197498241,117,858.3,0.002332
28716012,1757197511341,1757197511458,117,858.2,0.018289
28716013,1757197533034,1757197533151,117,858.2,0.036546
28716014,1757197555764,1757197555878,114,858.3,0.002446
28716015,1757197575217,1757197575334,117,858.5,0.017472
28716016,1757197581480,1757197581603,123,858.4,0.025997
28716018,1757197590431,1757197590549,118,858.5,0.923751
28716019,1757197667345,1757197667459,114,858.3,0.001047
28716020,1757197698888,1757197699005,117,858.4,0.074606
28716022,1757197717561,1757197717678,117,858.3,0.128
28716023,1757197717997,1757197718114,117,858.3,0.257
28716024,1757197718611,1757197718728,117,858.3,0.045
28716025,1757197753802,1757197753952,150,858.4,0.010277
28716026,1757197765655,1757197765830,175,858.5,0.021023
28716027,1757197767092,1757197767210,118,858.4,0.006947
28716028,1757197781668,1757197781785,117,858.5,0.025995
28716029,1757197785663,1757197785782,119,858.5,0.002912
28716030,1757197790998,1757197791123,125,858.5,1.135798
28716032,1757197813770,1757197813885,115,858.7,0.122627
28716033,1757197815707,1757197815824,117,858.7,0.024993
28716034,1757197837112,1757197837230,118,858.8,0.029127
28716036,1757197848821,1757197848941,120,858.9,0.026993
28716038,1757197883775,1757197883892,117,859,0.025995
28716040,1757197917946,1757197918063,117,859.1,0.026994
28716042,1757197953854,1757197953971,117,859,0.028997
28716044,1757197957347,1757197957463,116,858.9,0.091145
28716045,1757197992892,1757197993009,117,859.1,0.027992
28716046,1757198001472,1757198001589,117,859.1,0.115525
28716047,1757198029924,1757198030040,116,859,0.026996
28716049,1757198074033,1757198074146,113,859.3,0.056306
28716051,1757198090352,1757198090468,116,859.4,0.044786
28716052,1757198103000,1757198103116,116,859.4,0.025995
28716054,1757198115106,1757198115222,116,859.5,0.008123
28716055,1757198115106,1757198115222,116,859.6,0.001101
28716056,1757198136431,1757198136547,116,859.5,0.121495
28716057,1757198137038,1757198137154,116,859.5,0.027996
28716058,1757198138917,1757198139030,113,859.5,0.001395
28716059,1757198139169,1757198139285,116,859.5,0.100856
28716060,1757198167592,1757198167708,116,859.3,0.021294
28716061,1757198202112,1757198202228,116,859.2,0.065759
28716062,1757198210338,1757198210454,116,859.2,0.106255
28716063,1757198216698,1757198216812,114,859.1,0.119999
28716064,1757198227280,1757198227397,117,859.1,0.064053
28716065,1757198231961,1757198232078,117,859,0.024428
28716067,1757198262253,1757198262369,116,859,0.022
28716068,1757198265116,1757198265233,117,859.1,0.021023
28716069,1757198272927,1757198273043,116,859.1,0.013197
28716070,1757198416302,1757198416419,117,859.1,0.029992
28716071,1757198428408,1757198428524,116,859.1,0.012989
28716072,1757198454617,1757198454732,115,859.2,0.098419
28716073,1757198468243,1757198468359,116,859.2,0.106107
28716076,1757198484583,1757198484699,116,859.3,0.922891
28716077,1757198540223,1757198540336,113,859.1,0.055023
28716078,1757198547969,1757198548091,122,859.2,0.05897
28716079,1757198561480,1757198561596,116,859.2,0.011151
28716081,1757198561480,1757198561596,116,859.3,0.065657
28716082,1757198581023,1757198581139,116,859.3,0.52
28716083,1757198602635,1757198602751,116,859.3,0.009314
28716085,1757198607575,1757198607691,116,859.5,0.027993
28716086,1757198643538,1757198643654,116,859.6,0.025995
28716087,1757198645245,1757198645361,116,859.5,0.035273
28716088,1757198679257,1757198679373,116,859.3,0.255968
28716090,1757198687759,1757198687875,116,859.2,0.119999
28716091,1757198688025,1757198688141,116,859.3,0.013968
28716092,1757198731471,1757198731587,116,859.1,0.007844
28716093,1757198770002,1757198770115,113,859.4,1.520848
28716094,1757198797100,1757198797219,119,859.5,0.054154
28716095,1757198841985,1757198842165,180,859.3,0.084541
28716096,1757198868822,1757198868938,116,859.2,0.012317
28716097,1757198911025,1757198911186,161,859.2,0.004103
28716099,1757198947409,1757198947525,116,859.4,0.118129
28716101,1757198987823,1757198987939,116,859.1,0.119999
28716102,1757199011074,1757199011228,154,859.1,0.012936
28716104,1757199012948,1757199013064,116,859.1,0.028751
28716105,1757199057015,1757199057128,113,859,0.001
28716109,1757199076465,1757199076584,119,859.2,0.064948
28716110,1757199079542,1757199079657,115,859.2,0.147988
28716111,1757199085056,1757199085174,118,859.1,0.175735
28716112,1757199086214,1757199086330,116,859.2,0.203105
28716113,1757199097489,1757199097605,116,859.2,0.046554
28716114,1757199118943,1757199119060,117,859.3,1.236712
28716116,1757199161040,1757199161156,116,859.5,0.025994
28716117,1757199211613,1757199211729,116,859.5,0.128
28716120,1757199216995,1757199217111,116,859.6,0.448697
28716121,1757199217912,1757199218028,116,859.6,0.013994
28716122,1757199230099,1757199230215,116,859.6,0.025995
28716124,1757199264145,1757199264261,116,859.6,0.028995
28716125,1757199307346,1757199307462,116,859.6,0.275797
28716127,1757199341228,1757199341344,116,859.7,0.027994
28716129,1757199343982,1757199344099,117,859.8,0.056061
28716132,1757199356786,1757199356903,117,859.9,0.023192
28716133,1757199365950,1757199366066,116,859.9,0.001
28716135,1757199367558,1757199367684,126,859.9,0.024469
28716136,1757199369194,1757199369310,116,860,0.002209
28716139,1757199371049,1757199371166,117,859.9,2.99176
28716140,1757199371049,1757199371166,117,859.9,0.000005
28716141,1757199371052,1757199371169,117,859.7,0.119999
28716142,1757199371054,1757199371169,115,859.7,0.043254
28716143,1757199371055,1757199371169,114,859.7,1.2717
28716144,1757199371056,1757199371169,113,859.7,0.2232
28716145,1757199371056,1757199371169,113,859.7,0.026194
28716147,1757199371061,1757199371174,113,859.6,0.117458
28716149,1757199398987,1757199399103,116,859.4,0.1
28716151,1757199399850,1757199399966,116,859.4,0.018
28716152,1757199405413,1757199405527,114,859.5,1.534847
28716153,1757199438991,1757199439107,116,859.6,0.040871
28716154,1757199447507,1757199447623,116,859.5,1.18613
28716155,1757199488976,1757199489095,119,859.4,1.076017
28716157,1757199492403,1757199492520,117,859.5,0.027998
28716158,1757199529404,1757199529521,117,859.7,0.028995
28716159,1757199532760,1757199532877,117,859.7,0.797929
28716160,1757199559501,1757199559618,117,859.6,0.049983
28716161,1757199566439,1757199566555,116,859.8,0.025994
28716162,1757199600597,1757199600711,114,859.8,0.008722
28716163,1757199601473,1757199601591,118,859.8,0.025995
28716164,1757199603792,1757199603905,113,859.8,0.003023
28716165,1757199619758,1757199619875,117,859.6,0.002326
28716166,1757199619783,1757199619901,118,859.6,0.002326
28716168,1757199632098,1757199632212,114,859.6,1.024604
28716170,1757199646125,1757199646241,116,859.8,0.06162
28716172,1757199646165,1757199646282,117,859.9,0.341644
28716173,1757199646165,1757199646282,117,859.9,0.341644
28716174,1757199646165,1757199646282,117,859.9,0.341644
28716175,1757199676739,1757199676856,117,859.7,0.107246
28716177,1757199733318,1757199733434,116,859.4,0.055
28716178,1757199735370,1757199735483,113,859.3,0.0015
28716182,1757199735370,1757199735483,113,859.2,0.118499
28716183,1757199740634,1757199740750,116,859.2,0.002206
28716184,1757199801870,1757199801986,116,859.3,0.012917
28716185,1757199815669,1757199815785,116,859.4,0.026996
28716186,1757199817351,1757199817467,116,859.4,0.017337
28716187,1757199837138,1757199837255,117,859.4,0.922354
28716189,1757199837156,1757199837272,116,859.4,0.908164
28716190,1757199851715,1757199851834,119,859.4,0.025995
28716191,1757199885736,1757199885937,201,859.5,0.024995
28716192,1757199892576,1757199892692,116,859.5,0.02129
28716193,1757199940969,1757199941086,117,859.2,0.001
28716194,1757199969795,1757199969912,117,859.3,0.088374
28716195,1757199997400,1757199997516,116,859.3,0.016204
28716196,1757200005954,1757200006075,121,859.1,0.047006
28716197,1757200020491,1757200020612,121,859.2,0.076662
28716199,1757200067766,1757200067885,119,859.1,0.8076
28716200,1757200067766,1757200067885,119,859.1,0.2247
28716201,1757200070644,1757200070765,121,859.4,0.808493
28716202,1757200078313,1757200078434,121,859.4,0.171056
28716204,1757200129999,1757200130120,121,859.4,0.027993
28716206,1757200167029,1757200167149,120,859.5,0.026996
28716208,1757200200802,1757200200923,121,859.7,0.005813
28716210,1757200202156,1757200202278,122,859.7,0.025993
28716211,1757200206704,1757200206826,122,859.7,0.574479
28716212,1757200236116,1757200236237,121,859.7,0.026995
28716213,1757200266407,1757200266529,122,859.7,0.005815
28716214,1757200267925,1757200268046,121,859.6,0.482152
28716215,1757200272150,1757200272268,118,859.7,0.026995
28716216,1757200298471,1757200298591,120,859.7,0.008772
28716218,1757200298850,1757200298971,121,859.7,0.620389
28716219,1757200307245,1757200307366,121,859.8,0.0015
28716220,1757200307245,1757200307366,121,859.9,0.024493
28716222,1757200334407,1757200334527,120,859.9,1.413783
28716224,1757200341223,1757200341343,120,860,0.025997
28716225,1757200359213,1757200359333,120,860,0.021517
28716226,1757200375241,1757200375362,121,860,0.028997
28716227,1757200380396,1757200380517,121,860,0.346452
28716228,1757200413280,1757200413401,121,860,0.027997
28716229,1757200444584,1757200444704,120,860,0.002209
28716230,1757200450304,1757200450426,122,860,0.026996
28716231,1757200466167,1757200466288,121,860,0.016191
28716232,1757200484357,1757200484475,118,859.9,0.032654
28716234,1757200511215,1757200511336,121,859.8,0.040531
28716236,1757200511227,1757200511345,118,859.9,0.014114
28716238,1757200536600,1757200536721,121,859.9,1.041872
28716239,1757200536600,1757200536721,121,860,3.726388
28716240,1757200571435,1757200571555,120,860,0.028994
28716241,1757200598370,1757200598491,121,860,0.250563
28716248,1757200604923,1757200605044,121,860,0.922032
28716251,1757200612671,1757200612792,121,860,0.25936
28716252,1757200614929,1757200615050,121,860,0.0879
28716253,1757200614931,1757200615051,120,860,0.000008
28716254,1757200620288,1757200620408,120,860.1,0.002674
28716259,1757200622550,1757200622671,121,860.1,0.028996
28716260,1757200657818,1757200657939,121,860.1,0.35
28716261,1757200675559,1757200675680,121,860.2,0.001122
28716266,1757200680870,1757200680991,121,860.3,0.118129
28716267,1757200694387,1757200694508,121,860.3,0.053992
28716268,1757200696762,1757200696880,118,860.1,0.033982
28716269,1757200696762,1757200696880,118,860,0.086017
28716271,1757200734082,1757200734199,117,860.2,1.066126
28716275,1757200772064,1757200772186,122,860.4,0.055173
28716276,1757200774008,1757200774130,122,860.4,0.002221
28716282,1757200796398,1757200796519,121,860.5,0.22854
28716283,1757200796398,1757200796519,121,860.5,0.59685
28716284,1757200796398,1757200796519,121,860.5,0.370626
28716287,1757200803679,1757200803799,120,860.6,0.026995
28716288,1757200804542,1757200804663,121,860.6,0.011619
28716289,1757200808373,1757200808494,121,860.6,0.111201
28716293,1757200848679,1757200848800,121,860.7,0.012905
28716294,1757200851488,1757200851609,121,860.8,0.001742
28716300,1757200852383,1757200852504,121,860.8,0.0653
28716301,1757200852383,1757200852504,121,860.8,0.000096
28716302,1757200856053,1757200856171,118,860.9,0.346678
28716303,1757200856053,1757200856171,118,860.9,0.346678
28716304,1757200856053,1757200856171,118,860.9,0.346678
28716310,1757200856055,1757200856172,117,860.9,0.042462
28716311,1757200858467,1757200858588,121,860.9,0.03
28716317,1757200859073,1757200859196,123,861,0.111614
28716318,1757200864723,1757200864843,120,860.9,0.042415
28716319,1757200865689,1757200865810,121,860.9,0.011615
28716320,1757200865758,1757200865878,120,860.9,0.011615
28716321,1757200865788,1757200865906,118,860.9,0.011615
28716322,1757200881746,1757200881867,121,861.1,0.026995
28716327,1757200889814,1757200889935,121,861.1,0.367682
28716330,1757200899628,1757200899748,120,861.2,0.02696
28716331,1757200910753,1757200910873,120,861.1,0.049943
28716332,1757200913852,1757200913970,118,861.2,0.020362
28716333,1757200917338,1757200917462,124,861.2,0.211512
28716334,1757200932549,1757200932667,118,861.2,0.074
28716340,1757200933716,1757200933837,121,861.3,0.014109
28716343,1757200946416,1757200946536,120,861.3,0.1
28716344,1757200956969,1757200957089,120,861.3,0.695724
28716346,1757200956975,1757200957100,125,861.3,2.063
28716352,1757200986382,1757200986502,120,861.4,0.131204
28716356,1757201014882,1757201015003,121,861.5,0.028992
28716359,1757201052313,1757201052434,121,861.3,1.178
28716361,1757201084681,1757201084802,121,861.5,0.6451
28716362,1757201084699,1757201084816,117,861.5,1.216015
28716363,1757201113965,1757201114086,121,861.4,0.001
28716364,1757201133033,1757201133154,121,861.2,0.117717
28716365,1757201138957,1757201139079,122,861.1,0.02
28716366,1757201143826,1757201143947,121,861.1,0.022972
28716368,1757201199770,1757201199889,119,861,0.001422
28716369,1757201200688,1757201200812,124,861,0.011614
28716372,1757201225940,1757201226062,122,861.1,0.092032
28716373,1757201239102,1757201239224,122,861.2,0.028995
28716375,1757201277145,1757201277267,122,861.2,0.028998
28716376,1757201277521,1757201277643,122,861.3,0.013081
28716377,1757201287456,1757201287578,122,861.3,0.499419
28716378,1757201315185,1757201315307,122,861.3,0.027997
28716379,1757201329803,1757201329922,119,861.2,0.037212
28716380,1757201346118,1757201346240,122,861.2,0.00698
28716381,1757201382507,1757201382630,123,861.3,0.82848
28716382,1757201385134,1757201385256,122,861.3,0.116103
28716383,1757201393558,1757201393681,123,861.3,0.024902
28716384,1757201400602,1757201400722,120,861.3,0.208228
28716385,1757201410306,1757201410429,123,861.2,0.033692
28716387,1757201431109,1757201431232,123,861.3,0.287225
28716389,1757201443307,1757201443431,124,861.5,0.028993
28716390,1757201459630,1757201459750,120,861.4,0.491601
28716391,1757201481352,1757201481478,126,861.4,0.028995
28716392,1757201504663,1757201504786,123,861.3,0.005806
28716393,1757201540568,1757201540691,123,861.4,0.016073
28716394,1757201586466,1757201586590,124,861.4,0.026995
28716395,1757201605259,1757201605382,123,861.4,0.009528
28716397,1757201606982,1757201607105,123,861.4,0.0028
28716400,1757201621501,1757201621625,124,861.6,0.026993
28716403,1757201627140,1757201627264,124,861.6,0.809121
28716404,1757201641158,1757201641282,124,861.6,0.038829
28716405,1757201654541,1757201654664,123,861.5,0.020815
28716406,1757201666153,1757201666276,123,861.3,0.01
28716407,1757201690101,1757201690225,124,861.3,0.009671
28716408,1757201693315,1757201693435,120,861.3,0.017
28716410,1757201709192,1757201709315,123,861.2,0.1742
28716411,1757201709192,1757201709315,123,861.2,0.232267
28716412,1757201719622,1757201719745,123,861.3,0.174023
28716415,1757201775758,1757201775881,123,861.4,1.160901
28716416,1757201780794,1757201780917,123,861.5,0.074151
28716420,1757201816249,1757201816373,124,861.7,0.034185
28716426,1757201822232,1757201822356,124,861.8,1.579877
28716428,1757201826012,1757201826136,124,861.9,0.104026
28716429,1757201826875,1757201826999,124,862,0.113056
28716434,1757201828068,1757201828189,121,862,0.378698
28716440,1757201828068,1757201828189,121,862.1,2.018032
28716441,1757201828069,1757201828190,121,862.1,0.000014
28716450,1757201828069,1757201828190,121,862.2,3.715961
28716462,1757201828069,1757201828190,121,862.3,5.424833
28716468,1757201828069,1757201828190,121,862.4,6.17138
28716469,1757201828071,1757201828195,124,862.4,0.34308
28716470,1757201828072,1757201828195,123,862.4,2.75668
28716471,1757201828073,1757201828195,122,862.4,0.52865
28716473,1757201828073,1757201828195,122,862.4,1.728315
28716474,1757201833772,1757201833895,123,862.5,0.026999
28716475,1757201839782,1757201839906,124,862.3,0.174016
28716476,1757201839786,1757201839906,120,862.3,0.174016
28716477,1757201848659,1757201848783,124,862.4,0.023174
28716479,1757201866158,1757201866282,124,862.4,0.021346
28716480,1757201872382,1757201872506,124,862.3,0.174016
28716481,1757201872387,1757201872509,122,862.3,0.174016
28716482,1757201872475,1757201872599,124,862.3,0.232021
28716484,1757201906207,1757201906331,124,862.3,3.072635
28716485,1757201907132,1757201907256,124,862.3,0.011596
28716486,1757201907233,1757201907358,125,862.3,0.011596
28716487,1757201907261,1757201907382,121,862.3,0.011596
28716488,1757201910251,1757201910375,124,862.3,0.116644
28716489,1757201913142,1757201913375,233,862.3,0.012996
28716492,1757201956597,1757201956722,125,862.4,1.209839
28716502,1757201956597,1757201956722,125,862.5,2.21218
28716503,1757201957461,1757201957585,124,862.5,0.011596
28716504,1757201966139,1757201966260,121,862.5,0.002
28716509,1757201975891,1757201976015,124,862.6,0.021115
28716510,1757201975891,1757201976016,125,862.7,0.293479
28716516,1757201978336,1757201978463,127,862.8,0.125771
28716521,1757201980260,1757201980385,125,862.9,0.021366
28716532,1757201982435,1757201982559,124,863,2.313853
28716533,1757201982435,1757201982559,124,863,0.309761
28716534,1757201982435,1757201982559,124,863,1.381655
28716535,1757201982435,1757201982559,124,863,0.320098
28716536,1757201982435,1757201982559,124,863,0.629473
28716537,1757201982435,1757201982559,124,863,0.665858
28716539,1757201982436,1757201982559,123,863,0.074937
28716541,1757201985286,1757201985465,179,863.1,0.017674
28716550,1757201985286,1757201985465,179,863.2,1.088795
28716551,1757201988070,1757201988194,124,863,0.173955
28716552,1757201988072,1757201988197,125,863,0.231941
28716553,1757201988077,1757201988197,120,863,0.173956
28716554,1757201988728,1757201988852,124,863.1,0.006328
28716557,1757201991521,1757201991642,121,863,1.39
28716558,1757202002832,1757202002955,123,863.1,0.0582
28716559,1757202003364,1757202003488,124,863.1,0.000041
28716564,1757202037320,1757202037444,124,863.3,2.029418
28716573,1757202037320,1757202037444,124,863.4,2.921961
28716575,1757202049429,1757202049553,124,863.2,1.1712
28716576,1757202049432,1757202049553,121,863.2,0.000001
28716577,1757202050250,1757202050374,124,863.1,0.03
28716578,1757202051394,1757202051518,124,863.2,0.003869
28716579,1757202056512,1757202056636,124,863.1,1.90638
28716580,1757202056512,1757202056636,124,863.1,0.000005
28716582,1757202056515,1757202056637,122,863,2.841104
28716584,1757202056518,1757202056639,121,862.9,1.498072
28716585,1757202056592,1757202056716,124,862.8,0.001
28716586,1757202056618,1757202056739,121,862.6,0.001
28716590,1757202056726,1757202056851,125,862.5,3.2147
28716591,1757202057177,1757202057301,124,862.5,0.013858
28716592,1757202073894,1757202074018,124,862.6,0.00737
28716593,1757202073894,1757202074019,125,862.7,2.010726
28716594,1757202087086,1757202087210,124,862.8,0.140876
28716597,1757202109442,1757202109566,124,863,0.004
28716598,1757202126633,1757202126779,146,863.1,0.00101
28716600,1757202126633,1757202126779,146,863.1,0.00101
28716601,1757202126633,1757202126782,149,863.1,0.00101
28716602,1757202126633,1757202126782,149,863.1,0.00101
28716603,1757202126633,1757202126782,149,863.1,0.00101
28716604,1757202126633,1757202126782,149,863.1,0.00101
28716605,1757202126633,1757202126782,149,863.1,0.00101
28716606,1757202126633,1757202126782,149,863.1,0.00101
28716607,1757202126633,1757202126782,149,863.1,0.00101
28716608,1757202126633,1757202126782,149,863.1,0.00101
28716609,1757202126633,1757202126782,149,863.1,0.00101
28716610,1757202126633,1757202126782,149,863.1,0.00101
28716611,1757202126633,1757202126782,149,863.1,0.00101
28716612,1757202126633,1757202126782,149,863.1,0.00101
28716613,1757202126633,1757202126782,149,863.1,0.00101
28716614,1757202126633,1757202126782,149,863.1,0.00101
28716615,1757202126633,1757202126782,149,863.1,0.00101
28716616,1757202126633,1757202126782,149,863.1,0.00101
28716617,1757202126633,1757202126782,149,863.1,0.00101
28716618,1757202126633,1757202126782,149,863.1,0.00101
28716619,1757202126633,1757202126782,149,863.1,0.00101
28716620,1757202126633,1757202126782,149,863.1,0.00101
28716621,1757202126633,1757202126782,149,863.1,0.00101
28716622,1757202126633,1757202126782,149,863.1,0.00101
28716624,1757202128003,1757202128139,136,863,1.706726
28716625,1757202133088,1757202133212,124,862.9,0.343862
28716626,1757202175182,1757202175306,124,862.7,0.777447
28716627,1757202185122,1757202185249,127,862.6,0.119999
28716628,1757202205082,1757202205203,121,862.7,0.119999
28716629,1757202233162,1757202233286,124,863.1,3.589984
28716631,1757202248074,1757202248199,125,863.2,0.03
28716632,1757202267132,1757202267257,125,863.2,0.027996
28716634,1757202274082,1757202274206,124,863.1,0.119999
28716635,1757202279732,1757202279857,125,863.2,0.07
28716636,1757202300164,1757202300289,125,862.9,0.119999
28716637,1757202305202,1757202305326,124,863,0.01306
28716638,1757202333149,1757202333274,125,862.9,0.015978
28716639,1757202374892,1757202375017,125,862.9,0.003867
28716641,1757202375316,1757202375441,125,862.9,1.67379
28716644,1757202375316,1757202375441,125,862.8,3.16795
28716645,1757202375316,1757202375441,125,862.8,0.000004
28716647,1757202375319,1757202375443,124,862.7,1.183667
28716649,1757202375321,1757202375443,122,862.6,0.735599
28716650,1757202375321,1757202375443,122,862.6,0.424163
28716651,1757202385699,1757202385824,125,862.5,0.007521
28716653,1757202391909,1757202392034,125,862.6,0.91872
28716655,1757202409902,1757202410026,124,862.6,2.124723
28716659,1757202409902,1757202410026,124,862.5,2.82418
28716663,1757202409912,1757202410035,123,862.5,1.854015
28716664,1757202414445,1757202414570,125,862.5,0.022152
28716665,1757202415632,1757202415757,125,862.6,0.26764
28716666,1757202416229,1757202416354,125,862.5,0.122504
28716668,1757202430626,1757202430751,125,862.5,0.119999
28716669,1757202431368,1757202431493,125,862.5,1.497849
28716670,1757202452024,1757202452148,124,862.5,0.013046
28716672,1757202514365,1757202514489,124,862.8,0.025997
28716673,1757202531271,1757202531396,125,862.8,0.03387
28716674,1757202531271,1757202531396,125,862.7,0.080378
28716675,1757202534109,1757202534234,125,862.8,0.011823
28716676,1757202548962,1757202549086,124,862.8,0.023501
28716677,1757202552376,1757202552501,125,862.7,0.023208
28716678,1757202580930,1757202581056,126,862.6,0.002839
28716680,1757202586534,1757202586659,125,862.4,0.016729
28716681,1757202607219,1757202607344,125,862.3,0.026824
28716683,1757202633029,1757202633153,124,862.2,2.145774
28716686,1757202647317,1757202647442,125,862,0.060132
28716687,1757202647351,1757202647473,122,861.9,0.024871
28716690,1757202650683,1757202650809,126,861.8,1.784118
28716696,1757202650683,1757202650809,126,861.7,4.714785
28716702,1757202650683,1757202650809,126,861.6,10.204016
28716703,1757202650687,1757202650809,122,861.5,1.147536
28716707,1757202650687,1757202650809,122,861.4,5.318436
28716710,1757202650687,1757202650809,122,861.4,3.190269
28716711,1757202665547,1757202665672,125,861.5,0.014507
28716712,1757202665547,1757202665672,125,861.4,0.049493
28716713,1757202695458,1757202695583,125,861.6,0.215625
28716715,1757202698573,1757202698698,125,861.5,0.03772
28716718,1757202698573,1757202698698,125,861.4,0.27228
28716719,1757202734464,1757202734589,125,861.4,0.617134
28716720,1757202743833,1757202743958,125,861.4,0.23218
28716722,1757202748537,1757202748662,125,861.3,0.037781
28716730,1757202748541,1757202748663,122,861.2,0.827027
28716732,1757202748542,1757202748664,122,861.1,0.295214
28716733,1757202792409,1757202792534,125,861.3,0.005847
28716735,1757202800975,1757202801192,217,861.1,0.037885
28716740,1757202800975,1757202801192,217,861,1.135115
28716741,1757202814792,1757202814917,125,861.2,0.014513
28716743,1757202814792,1757202814918,126,861.1,0.010773
28716744,1757202819443,1757202819568,125,861.2,0.011726
28716745,1757202820423,1757202820548,125,861.1,0.004824
28716746,1757202844462,1757202844594,132,861.3,0.035421
28716749,1757202846301,1757202846423,122,861.3,0.585603
28716751,1757202873330,1757202873455,125,861.2,0.049
28716752,1757202874416,1757202874542,126,861.2,0.186264
28716753,1757202904729,1757202904859,130,861.4,0.028996
28716755,1757202909702,1757202909839,137,861.4,2.789526
28716756,1757202942772,1757202942953,181,861.4,0.026997
28716757,1757202950055,1757202950180,125,861.4,0.32181
28716758,1757202957273,1757202957398,125,861.3,0.3284
28716759,1757202974369,1757202974494,125,861.4,0.170885
28716760,1757202978879,1757202979004,125,861.5,0.001
28716761,1757202978879,1757202979004,125,861.6,0.028994
28716764,1757202980935,1757202981060,125,861.5,2.110867
28716766,1757203017842,1757203017967,125,861.7,0.025995
28716767,1757203051962,1757203052088,126,861.7,0.025996
28716768,1757203065647,1757203065772,125,861.6,0.017028
28716769,1757203076142,1757203076267,125,861.6,0.076645
28716770,1757203085918,1757203086043,125,861.6,0.026999
28716771,1757203087947,1757203088072,125,861.5,0.126
28716773,1757203090049,1757203090178,129,861.4,0.248
28716774,1757203090059,1757203090185,126,861.5,2.064953
28716775,1757203106477,1757203106602,125,861.6,0.001597
28716776,1757203144648,1757203144774,126,861.4,1.172
28716777,1757203145131,1757203145259,128,861.5,1.902379
28716780,1757203147019,1757203147144,125,861.5,0.354389
28716781,1757203148549,1757203148674,125,861.5,0.00116
28716782,1757203149656,1757203149781,125,861.5,0.059037
28716783,1757203160689,1757203160814,125,861.2,0.014607
28716785,1757203178134,1757203178259,125,861.1,0.036013
28716788,1757203178181,1757203178303,122,861,0.003142
28716789,1757203185156,1757203185281,125,861,0.012775
28716791,1757203185177,1757203185299,122,861,0.015498
28716792,1757203200594,1757203200716,122,861.1,0.003483
28716793,1757203204578,1757203204700,122,861.1,0.123084
28716795,1757203204578,1757203204700,122,861.2,0.225281
28716796,1757203209055,1757203209181,126,861.5,0.001
28716797,1757203209149,1757203209275,126,861.7,0.001
28716798,1757203212067,1757203212192,125,861.9,0.001
28716799,1757203212067,1757203212192,125,862,1.525599
28716800,1757203212580,1757203212702,122,862.1,0.002319
28716801,1757203213634,1757203213759,125,862.1,0.31962
28716802,1757203213636,1757203213761,125,862.1,0.000008
28716805,1757203214636,1757203214761,125,862.3,0.201324
28716807,1757203214983,1757203215105,122,862.4,0.002319
28716808,1757203215778,1757203215899,121,862.4,0.005102
28716809,1757203219785,1757203219912,127,861.9,0.00232
28716810,1757203220596,1757203220717,121,861.9,0.011602
28716811,1757203224584,1757203224706,122,862.1,0.002319
28716813,1757203229374,1757203229496,122,862.3,0.0025
28716815,1757203229374,1757203229496,122,862.4,0.005617
28716816,1757203233674,1757203233798,124,862.1,0.001115
28716817,1757203276044,1757203276165,121,862.3,0.027069
28716818,1757203321859,1757203321981,122,862,0.321947
28716820,1757203331626,1757203331751,125,861.8,0.041196
28716821,1757203332000,1757203332125,125,861.8,0.00232
28716822,1757203347758,1757203347882,124,861.8,0.0235
28716824,1757203386545,1757203386670,125,861.9,1.10479
28716825,1757203386545,1757203386670,125,862,0.070628
28716826,1757203403203,1757203403328,125,862,0.7762
28716828,1757203403203,1757203403328,125,862,1.054084
28716829,1757203403251,1757203403372,121,862.1,2.101686
28716831,1757203418153,1757203418278,125,862.1,0.028879
28716832,1757203425862,1757203425986,124,862.1,0.0015
28716835,1757203425862,1757203425986,124,862.2,0.918662
28716836,1757203428250,1757203428375,125,862.2,1.674022
28716837,1757203433750,1757203433926,176,862.2,1.346961
28716838,1757203451281,1757203451406,125,862.2,0.007774
28716839,1757203451638,1757203451763,125,862.3,0.001
28716840,1757203484611,1757203484736,125,862.5,0.001
28716842,1757203484611,1757203484736,125,862.6,0.011006
28716843,1757203485746,1757203485871,125,862.7,0.012006
28716844,1757203487357,1757203487481,124,862.7,0.024995
28716845,1757203491402,1757203491527,125,862.6,0.279979
28716847,1757203491410,1757203491531,121,862.6,0.178543
28716848,1757203492891,1757203493015,124,862.7,0.012006
28716853,1757203493924,1757203494049,125,862.6,2.861986
28716856,1757203493924,1757203494049,125,862.5,2.403906
28716857,1757203493938,1757203494060,122,862.6,0.320427
28716858,1757203500903,1757203501026,123,862.7,0.009852
28716859,1757203505492,1757203505616,124,862.6,0.05
28716860,1757203516608,1757203516732,124,862.7,0.007762
28716861,1757203521030,1757203521155,125,862.7,0.005795
28716863,1757203522602,1757203522726,124,862.7,0.222063
28716864,1757203533289,1757203533413,124,862.9,0.005789
28716865,1757203564430,1757203564555,125,863,0.026999
28716867,1757203571192,1757203571317,125,863,1.707
28716868,1757203582642,1757203582766,124,863,0.12758
28716874,1757203582650,1757203582771,121,863,2.885553
28716875,1757203582659,1757203582780,121,863,0.63744
28716876,1757203586224,1757203586348,124,863,0.023439
28716878,1757203589914,1757203590088,174,863.1,0.097287
28716879,1757203595624,1757203595746,122,863,0.024947
28716880,1757203620688,1757203620812,124,862.9,0.918989
28716881,1757203620842,1757203620967,125,862.9,0.065429
28716883,1757203628579,1757203628700,121,863,0.099752
28716884,1757203639874,1757203639998,124,862.9,0.126
28716886,1757203640306,1757203640430,124,862.9,0.252
28716887,1757203640750,1757203640875,125,862.9,0.15
28716888,1757203652209,1757203652334,125,862.9,0.011588
28716889,1757203659165,1757203659290,125,862.8,0.011576
28716891,1757203669818,1757203669942,124,862.6,0.728
28716894,1757203700670,1757203700794,124,862.4,0.67562
28716895,1757203701863,1757203701984,121,862.3,0.011595
28716898,1757203734952,1757203735077,125,862.2,0.2
28716899,1757203750069,1757203750194,125,862.3,0.245269
28716901,1757203759407,1757203759532,125,862.2,0.047517
28716902,1757203776636,1757203776761,125,862.3,0.115513
28716903,1757203789771,1757203789896,125,862.3,0.09559
28716905,1757203805837,1757203805961,124,862.5,0.145173
28716906,1757203814660,1757203814784,124,862.5,0.028999
28716907,1757203819153,1757203819274,121,862.5,0.255773
28716908,1757203849466,1757203849590,124,862.5,0.161066
28716909,1757203852694,1757203852819,125,862.5,0.027999
28716910,1757203865255,1757203865380,125,862.4,0.015262
28716913,1757203866170,1757203866294,124,862.5,1.459
28716914,1757203873381,1757203873505,124,862.5,0.009
28716915,1757203899186,1757203899310,124,862.4,0.001141
28716916,1757203919711,1757203919835,124,862.2,0.011711
28716917,1757203920528,1757203920653,125,862.2,0.02745
28716919,1757203947352,1757203947473,121,862,0.069733
28716920,1757203953516,1757203953640,124,861.9,0.125
28716921,1757203953982,1757203954107,125,861.9,0.251
28716922,1757203954408,1757203954529,121,861.9,0.377
28716924,1757203954846,1757203954978,132,861.9,0.504
28716925,1757203955278,1757203955402,124,861.9,0.632
28716927,1757203956162,1757203956287,125,861.9,0.266
28716928,1757203960008,1757203960133,125,862,0.04849
28716929,1757203972816,1757203972943,127,861.9,0.116317
28716930,1757203972818,1757203972943,125,862,0.0015
28716931,1757203973852,1757203973978,126,862.1,0.14502
28716932,1757203980072,1757203980197,125,862.1,0.022846
28716933,1757203986049,1757203986173,124,862,0.123665
28716934,1757204020922,1757204021047,125,862.1,0.076552
28716935,1757204046157,1757204046281,124,862.1,0.08501
28716936,1757204046161,1757204046282,121,862.1,0.000004
28716939,1757204120586,1757204120710,124,862.3,0.397764
28716941,1757204126236,1757204126361,125,862.2,1.55213
28716946,1757204126237,1757204126361,124,862.1,2.315659
28716947,1757204138592,1757204138717,125,862,0.232018
28716948,1757204138592,1757204138717,125,861.9,1.234903
28716954,1757204138592,1757204138717,125,861.8,3.390642
28716955,1757204161262,1757204161386,124,861.8,0.42674
28716957,1757204167741,1757204167865,124,861.7,0.012145
28716958,1757204168316,1757204168441,125,861.7,0.007754
28716960,1757204226646,1757204226771,125,861.7,0.16844
28716962,1757204226646,1757204226771,125,861.6,0.433098
28716963,1757204256575,1757204256703,128,861.6,0.023225
28716964,1757204266379,1757204266503,124,861.6,0.013891
28716965,1757204320272,1757204320396,124,861.6,0.005
28716966,1757204346795,1757204346919,124,861.7,1.974847
28716967,1757204382150,1757204382274,124,861.6,0.007545
28716970,1757204386378,1757204386502,124,861.6,1.125348
28716971,1757204450279,1757204450404,125,861.7,0.027001
28716972,1757204486329,1757204486504,175,861.7,0.028
28716973,1757204509095,1757204509216,121,861.7,0.09587
28716974,1757204509097,1757204509218,121,861.7,0.000001
28716976,1757204523356,1757204523480,124,861.9,0.025999
28716978,1757204546601,1757204546726,125,861.9,0.183773
28716979,1757204546601,1757204546726,125,861.8,0.126227
28716980,1757204551650,1757204551774,124,861.8,0.1
28716981,1757204570819,1757204570940,121,862,0.026726
28716982,1757204589016,1757204589140,124,862,0.097364
28716983,1757204592979,1757204593104,125,862,0.00928
28716984,1757204608438,1757204608562,124,862,0.029999
28716986,1757204671992,1757204672112,120,862,0.011082
28716989,1757204677593,1757204677713,120,862.1,0.027999
28716991,1757204714556,1757204714676,120,862.3,0.027999
28716992,1757204751594,1757204751714,120,862.2,0.026002
28716993,1757204755933,1757204756053,120,862.2,1.829562
28716994,1757204819081,1757204819201,120,862,0.033034
28716995,1757204831809,1757204831930,121,862,0.153858
28716996,1757204832018,1757204832138,120,861.9,0.00723
28716997,1757204832047,1757204832164,117,861.8,0.001
28716999,1757204862885,1757204863005,120,861.6,0.146063
28717000,1757204927779,1757204927900,121,861.6,0.026001
28717003,1757204958691,1757204958811,120,861.5,0.480905
28717004,1757204969271,1757204969391,120,861.6,0.012339
28717006,1757205002937,1757205003057,120,861.4,0.027824
28717008,1757205011630,1757205011751,121,861.5,0.177132
28717009,1757205027032,1757205027152,120,861.5,0.003695
28717011,1757205030828,1757205030949,121,861.4,0.134659
28717012,1757205030831,1757205030951,120,861.3,0.001143
28717013,1757205031701,1757205031821,120,861.3,0.010001
28717014,1757205032723,1757205032843,120,861.2,0.001
28717015,1757205036969,1757205037090,121,861.1,0.2937
28717016,1757205036970,1757205037090,120,861.1,0.000014
28717017,1757205037584,1757205037701,117,861.1,0.004694
28717018,1757205046355,1757205046475,120,861.1,0.030002
28717019,1757205051034,1757205051154,120,861.1,0.006712
28717022,1757205052854,1757205052974,120,861,0.1154
28717023,1757205066294,1757205066414,120,861.1,0.003701
28717024,1757205067639,1757205067759,120,861.1,0.0037
28717025,1757205072321,1757205072545,224,861.1,0.003686
28717027,1757205073847,1757205073964,117,861,1.173573
28717031,1757205075747,1757205075867,120,860.9,1.058743
28717032,1757205076746,1757205076867,121,860.9,0.00741
28717037,1757205082010,1757205082130,120,860.8,0.013142
28717040,1757205082010,1757205082131,121,860.7,0.01075
28717041,1757205096772,1757205096892,120,860.7,0.030002
28717044,1757205100940,1757205101060,120,860.6,0.039271
28717045,1757205101058,1757205101178,120,860.6,0.006713
28717046,1757205102639,1757205102759,120,860.7,0.003687
28717047,1757205106513,1757205106630,117,860.7,0.009215
28717048,1757205111754,1757205111874,120,860.8,0.007412
28717049,1757205151518,1757205151638,120,860.8,0.006709
28717050,1757205156331,1757205156451,120,860.7,0.003708
28717051,1757205157629,1757205157749,120,860.7,0.015834
28717052,1757205162729,1757205162850,121,860.7,0.080051
28717053,1757205164051,1757205164172,121,860.6,0.059573
28717054,1757205173848,1757205173968,120,860.7,0.009271
28717055,1757205177383,1757205177503,120,860.8,0.0037
28717056,1757205180357,1757205180478,121,860.7,0.028736
28717057,1757205182122,1757205182242,120,860.9,0.007394
28717058,1757205259064,1757205259184,120,860.9,0.077686
28717060,1757205262655,1757205262806,151,860.7,1.025
28717061,1757205286064,1757205286185,121,860.8,0.013709
28717062,1757205297141,1757205297261,120,860.8,0.028001
28717064,1757205308474,1757205308594,120,860.5,0.011757
28717066,1757205340347,1757205340467,120,860.7,0.021023
28717067,1757205370213,1757205370333,120,860.7,0.027002
28717068,1757205422822,1757205422942,120,860.9,0.111356
28717071,1757205424507,1757205424625,118,860.9,1.548
28717072,1757205432937,1757205433058,121,861,0.0015
28717073,1757205452568,1757205452689,121,861.1,0.001
28717074,1757205452568,1757205452689,121,861.2,0.094309
28717076,1757205470007,1757205470127,120,861.3,1.509355
28717078,1757205479413,1757205479533,120,861.5,0.029001
28717079,1757205479835,1757205479955,120,861.4,0.029
28717080,1757205504629,1757205504749,120,861.6,0.003317
28717081,1757205517361,1757205517481,120,861.6,0.027999
28717082,1757205521344,1757205521464,120,861.5,0.59
28717084,1757205554399,1757205554519,120,861.6,0.029999
28717086,1757205577472,1757205577597,125,861.7,0.033938
28717088,1757205593549,1757205593669,120,861.8,0.027998
28717089,1757205621101,1757205621221,120,861.8,0.046868
28717091,1757205625397,1757205625517,120,861.8,2.30895
28717094,1757205630479,1757205630599,120,861.9,0.026
28717095,1757205637333,1757205637453,120,861.9,0.268015
28717096,1757205639584,1757205639704,120,862,0.049767
28717098,1757205646617,1757205646737,120,862,0.016261
28717099,1757205664532,1757205664652,120,862,0.028998
28717102,1757205701598,1757205701719,121,862.1,0.073274
28717105,1757205701598,1757205701719,121,862.2,0.322234
28717107,1757205702640,1757205702760,120,862.3,0.028993
28717108,1757205735268,1757205735388,120,862.3,0.024585
28717109,1757205737830,1757205737950,120,862.2,0.247207
28717112,1757205740592,1757205740712,120,862.3,0.027001
28717114,1757205749235,1757205749357,122,862.3,1.562311
28717115,1757205749276,1757205749396,120,862.5,0.495473
28717119,1757205749276,1757205749396,120,862.5,0.874211
28717123,1757205780728,1757205780849,121,862.6,1.520067
28717131,1757205780728,1757205780849,121,862.7,3.400823
28717133,1757205797445,1757205797565,120,862.8,0.846777
28717134,1757205801731,1757205801850,119,862.8,0.029669
28717135,1757205816197,1757205816318,121,862.6,0.023431
28717137,1757205835550,1757205835667,117,862.6,1.172529
28717138,1757205849926,1757205850042,116,862.7,0.063817
28717139,1757205857481,1757205857601,120,862.7,0.0222
28717140,1757205862873,1757205862993,120,862.8,0.14
28717142,1757205880852,1757205880973,121,862.8,0.173116
28717149,1757205891307,1757205891424,117,862.8,2.8
28717150,1757205891766,1757205891886,120,862.8,0.119
28717152,1757205901890,1757205902010,120,862.9,0.282419
28717153,1757205903911,1757205904031,120,862.9,0.011588
28717154,1757205903949,1757205904068,119,862.9,0.011588
28717155,1757205904004,1757205904124,120,862.9,0.011588
28717156,1757205907344,1757205907464,120,862.8,1.144074
28717158,1757205921745,1757205921865,120,862.8,0.578862
28717159,1757205921763,1757205921880,117,862.7,0.001141
28717162,1757205922428,1757205922544,116,862.5,0.51168
28717168,1757205922429,1757205922547,118,862.4,3.339028
28717169,1757205922430,1757205922547,117,862.3,0.11595
28717170,1757205922442,1757205922559,117,862.2,0.001
28717171,1757205922477,1757205922593,116,862.1,0.115877
28717173,1757205922613,1757205922733,120,862,0.04
28717174,1757205939196,1757205939317,121,862.3,1.934861
28717175,1757205939196,1757205939317,121,862.3,0.321316
28717176,1757205939197,1757205939317,120,862.3,0.642632
28717177,1757205958708,1757205958828,120,862.5,0.001
28717178,1757205991359,1757205991479,120,862.6,0.076539
28717180,1757206027728,1757206027848,120,862.1,0.002959
28717181,1757206040266,1757206040386,120,862.3,0.001043
28717182,1757206064661,1757206064781,120,862.2,0.047051
28717183,1757206080613,1757206080730,117,862.2,0.059151
28717185,1757206096587,1757206096707,120,862.1,0.260986
28717186,1757206134619,1757206134739,120,862.1,0.641098
28717189,1757206134619,1757206134739,120,862.1,0.660573
28717191,1757206158301,1757206158421,120,862,0.04603
28717192,1757206159890,1757206160006,116,862,0.00478
28717193,1757206168045,1757206168165,120,862.1,0.021
28717194,1757206229397,1757206229517,120,861.9,0.023863
28717195,1757206242921,1757206243041,120,861.8,0.001
28717196,1757206243499,1757206243617,118,861.8,0.992022
28717201,1757206247337,1757206247457,120,861.8,2.942189
28717203,1757206253064,1757206253183,119,861.9,1.578723
28717204,1757206257554,1757206257674,120,861.9,0.7762
28717205,1757206257559,1757206257678,119,861.9,0.197577
28717206,1757206287874,1757206287994,120,861.7,0.001044
28717207,1757206333111,1757206333228,117,861.7,0.02456
28717208,1757206333187,1757206333307,120,861.8,0.021253
28717209,1757206339244,1757206339364,120,861.8,0.024998
28717210,1757206352367,1757206352484,117,861.8,0.013892
28717211,1757206367240,1757206367360,120,861.7,0.115955
28717214,1757206367240,1757206367360,120,861.8,1.894045
28717216,1757206392318,1757206392438,120,861.8,0.058018
28717218,1757206393375,1757206393495,120,861.7,1.15
28717221,1757206450936,1757206451056,120,861.6,1.34
28717223,1757206478550,1757206478670,120,861.4,0.027824
28717224,1757206478637,1757206478757,120,861.2,0.001
28717226,1757206501098,1757206501219,121,861.1,1.378874
28717227,1757206509901,1757206510021,120,861.1,0.145065
28717229,1757206512806,1757206512926,120,861,0.002005
28717231,1757206528316,1757206528436,120,860.9,0.141458
28717234,1757206528323,1757206528439,116,860.9,1.061485
28717236,1757206539227,1757206539352,125,861,1.426475
28717238,1757206551128,1757206551249,121,861.4,0.048177
28717239,1757206595538,1757206595658,120,861.4,0.027998
28717240,1757206598519,1757206598639,120,861.4,0.074348
28717241,1757206604244,1757206604364,120,861.4,0.016224
28717242,1757206612475,1757206612595,120,861.3,0.0365
28717243,1757206612971,1757206613091,120,861.3,0.069975
28717245,1757206644254,1757206644403,149,861.6,0.069364
28717246,1757206658569,1757206658689,120,861.6,0.030885
28717247,1757206672039,1757206672159,120,861.6,0.194307
28717248,1757206676115,1757206676235,120,861.6,0.018576
28717249,1757206677402,1757206677522,120,861.6,0.026368
28717250,1757206692438,1757206692558,120,861.5,0.46186
28717251,1757206693215,1757206693335,120,861.6,0.063395
28717252,1757206714954,1757206715074,120,861.7,0.153704
28717253,1757206726716,1757206726837,121,861.7,0.025551
28717255,1757206744470,1757206744591,121,861.7,0.063014
28717257,1757206749951,1757206750071,120,861.6,0.35
28717258,1757206783434,1757206783554,120,861.7,0.060577
28717259,1757206802983,1757206803101,118,861.6,0.017409
28717260,1757206802986,1757206803103,117,861.7,0.002901
28717261,1757206814205,1757206814322,117,861.6,0.010561
28717262,1757206819783,1757206819906,123,861.4,0.002321
28717263,1757206822293,1757206822413,120,861.4,0.379283
28717264,1757206827789,1757206827905,116,861.4,0.009287
28717265,1757206837999,1757206838119,120,861.6,0.420038
28717266,1757206837999,1757206838119,120,861.6,0.447192
28717267,1757206848914,1757206849034,120,861.6,0.216055
28717268,1757206859999,1757206860119,120,861.5,0.167014
28717269,1757206876196,1757206876316,120,861.4,0.683751
28717270,1757206896075,1757206896195,120,861.5,0.159907
28717271,1757206917248,1757206917368,120,861.4,0.046692
28717272,1757206919104,1757206919224,120,861.5,0.09437
28717273,1757206947425,1757206947545,120,861.6,0.060196
28717274,1757206985913,1757206986033,120,861.6,0.027998
28717275,1757207022954,1757207023074,120,861.6,0.027998
28717276,1757207046254,1757207046374,120,861.5,0.021866
28717277,1757207049315,1757207049435,120,861.4,0.036931
28717278,1757207055198,1757207055321,123,861.5,1.607886
28717279,1757207059989,1757207060106,117,861.6,0.027998
28717280,1757207097036,1757207097156,120,861.6,0.027998
28717281,1757207097500,1757207097620,120,861.6,0.260445
28717283,1757207121636,1757207121756,120,861.3,0.692131
28717284,1757207123761,1757207123881,120,861.4,0.463369
28717285,1757207124095,1757207124215,120,861.4,0.117556
28717286,1757207170100,1757207170220,120,861.5,0.026997
28717287,1757207171728,1757207171849,121,861.4,0.00118
28717289,1757207176643,1757207176763,120,861.4,0.2424
28717291,1757207178195,1757207178316,121,861.5,0.201606
28717292,1757207204161,1757207204281,120,861.5,0.073472
28717294,1757207223662,1757207223782,120,861.6,0.162778
28717295,1757207238241,1757207238360,119,861.7,0.026998
28717296,1757207238471,1757207238587,116,861.7,0.027268
28717304,1757207244612,1757207244731,119,861.7,6.06975
28717306,1757207278000,1757207278119,119,861.5,0.034985
28717307,1757207301871,1757207301990,119,861.7,0.0012
28717310,1757207310230,1757207310349,119,861.7,0.908
28717311,1757207315373,1757207315492,119,861.8,0.001
28717312,1757207341293,1757207341412,119,861.8,1.466788
28717313,1757207343518,1757207343637,119,861.9,0.061492
28717314,1757207347288,1757207347406,118,861.9,0.027999
28717315,1757207348785,1757207348904,119,861.9,0.452488
28717317,1757207376066,1757207376209,143,861.9,1.826396
28717318,1757207376339,1757207376460,121,861.9,0.003816
28717319,1757207384349,1757207384468,119,862,0.001
28717320,1757207384349,1757207384468,119,862.1,0.026996
28717322,1757207385063,1757207385193,130,862.1,1.996858
28717323,1757207427411,1757207427529,118,862.1,0.579979
28717324,1757207437212,1757207437333,121,862.2,0.001
28717327,1757207437212,1757207437333,121,862.3,1.219321
28717329,1757207437221,1757207437346,125,862.4,0.0025
28717330,1757207437221,1757207437346,125,862.5,0.0975
28717331,1757207437223,1757207437350,127,862.5,0.1
28717332,1757207437223,1757207437350,127,862.5,0.1
28717333,1757207437229,1757207437354,125,862.5,0.060265
28717334,1757207437231,1757207437355,124,862.5,0.060285
28717337,1757207437239,1757207437355,116,862.5,0.988634
28717339,1757207460354,1757207460472,118,862.5,0.168283
28717341,1757207467130,1757207467248,118,862.4,1.084535
28717342,1757207470062,1757207470177,115,862.4,1.065941
28717343,1757207479939,1757207480066,127,862.5,0.087851
28717344,1757207484623,1757207484741,118,862.4,0.579399
28717345,1757207503751,1757207503868,117,862.3,0.174291
28717346,1757207507048,1757207507167,119,862.3,0.451906
28717347,1757207512282,1757207512400,118,862.3,0.023961
28717348,1757207538740,1757207538858,118,862.2,0.0015
28717350,1757207538740,1757207538858,118,862.3,0.230491
28717354,1757207569778,1757207569896,118,862.3,1.53983
28717355,1757207570993,1757207571110,117,862.3,1.292052
28717356,1757207593579,1757207593697,118,862.2,0.0015
28717357,1757207593579,1757207593697,118,862.3,0.006521
28717358,1757207599472,1757207599590,118,862.1,0.005804
28717359,1757207605980,1757207606098,118,862.2,0.02
28717360,1757207606075,1757207606192,117,862.3,0.0015
28717361,1757207619834,1757207619952,118,862.3,0.287185
28717362,1757207628407,1757207628525,118,862.3,0.010774
28717365,1757207639583,1757207639701,118,862.3,2.28527
28717369,1757207639583,1757207639701,118,862.2,2.630699
28717371,1757207671152,1757207671270,118,862.4,0.044461
28717372,1757207684050,1757207684167,117,862.4,0.001
28717374,1757207686734,1757207686851,117,862.5,0.028994
28717375,1757207687535,1757207687653,118,862.4,0.027974
28717376,1757207706048,1757207706165,117,862.3,0.579777
28717377,1757207717517,1757207717634,117,862.3,0.578422
28717378,1757207728003,1757207728120,117,862.3,0.162356
28717379,1757207728918,1757207729035,117,862.3,0.01317
28717380,1757207734365,1757207734482,117,862.3,0.081178
28717382,1757207743711,1757207743825,114,862.2,0.433366
28717384,1757207750912,1757207751028,116,862,1.441933
28717385,1757207766614,1757207766731,117,862,0.118711
28717386,1757207793505,1757207793622,117,861.8,0.119999
28717387,1757207797882,1757207797999,117,861.8,0.04
28717388,1757207823481,1757207823598,117,861.9,0.224589
28717389,1757207826792,1757207826908,116,862,0.025995
28717390,1757207827287,1757207827403,116,861.9,1.385285
28717391,1757207829230,1757207829346,116,861.9,0.109885
28717394,1757207848915,1757207849032,117,861.8,9.840492
28717396,1757207888850,1757207888964,114,861.9,0.332593
28717397,1757207889000,1757207889113,113,861.9,0.40455
28717398,1757207890843,1757207890959,116,861.8,0.154657
28717399,1757207897743,1757207897857,114,861.9,1.186346
28717400,1757207898081,1757207898194,113,861.9,1.203535
28717401,1757207901917,1757207902033,116,861.9,0.044233
28717402,1757207948182,1757207948299,117,861.9,0.449136
28717404,1757207974573,1757207974686,113,861.9,0.033119
28717406,1757207993892,1757207994009,117,861.6,0.028065
28717408,1757208074871,1757208074993,122,861.8,0.910373
28717409,1757208091293,1757208091409,116,862,0.335974
28717410,1757208091293,1757208091409,116,862,0.335974
28717411,1757208091293,1757208091409,116,862,0.493078
28717413,1757208091293,1757208091409,116,862,0.335974
28717417,1757208111089,1757208111205,116,862.2,0.028996
28717418,1757208135132,1757208135248,116,862.2,0.13
28717419,1757208135486,1757208135602,116,862.1,0.738804
28717420,1757208138597,1757208138713,116,862.2,0.034535
28717423,1757208138603,1757208138715,112,862.2,1.303089
28717424,1757208181608,1757208181724,116,862.1,0.523784
28717426,1757208184414,1757208184529,115,862.1,1.214667
28717428,1757208184414,1757208184529,115,862.2,1.841609
28717429,1757208190834,1757208190950,116,862.2,0.017977
28717430,1757208210523,1757208210639,116,862,0.050148
28717431,1757208211166,1757208211282,116,862,0.4498
28717432,1757208211166,1757208211282,116,862,0.000052
28717433,1757208211167,1757208211282,115,861.9,1.542362
28717436,1757208222762,1757208222877,115,861.8,1.199723
28717443,1757208222762,1757208222877,115,861.7,3.473327
28717450,1757208222762,1757208222877,115,861.6,1.12695
28717451,1757208234715,1757208234830,115,861.8,0.058165
28717454,1757208257398,1757208257514,116,861.8,2.122234
28717457,1757208257398,1757208257514,116,861.9,4.089287
28717459,1757208257407,1757208257521,114,862,0.047935
28717460,1757208257418,1757208257530,112,862.1,0.0015
28717462,1757208263626,1757208263742,116,862.1,0.328979
28717463,1757208299864,1757208299980,116,862.2,0.001
28717464,1757208299864,1757208299980,116,862.3,1.004959
28717465,1757208299867,1757208299982,115,862.4,0.001
28717468,1757208299867,1757208299982,115,862.5,5.521272
28717471,1757208299870,1757208299982,112,862.6,0.027005
28717474,1757208299870,1757208299982,112,862.7,0.305958
28717478,1757208299870,1757208299982,112,862.8,0.237036
28717481,1757208299873,1757208299985,112,862.5,2.925174
28717484,1757208299877,1757208299990,113,862.5,1.356026
28717485,1757208299877,1757208299990,113,862.4,1.569148
28717486,1757208313608,1757208313724,116,862.5,0.03188
28717487,1757208313613,1757208313726,113,862.5,0.000004
28717488,1757208319905,1757208320021,116,862.2,0.011632
28717489,1757208322618,1757208322738,120,862.4,0.063263
28717491,1757208333673,1757208333789,116,862.4,0.081168
28717492,1757208348582,1757208348698,116,862.4,0.032467
28717493,1757208415414,1757208415529,115,862.4,0.025998
28717494,1757208421522,1757208421637,115,862.4,0.024234
28717495,1757208441759,1757208441874,115,862.4,0.055936
28717496,1757208444139,1757208444254,115,862.5,0.03
28717497,1757208444139,1757208444254,115,862.6,0.051312
28717499,1757208449450,1757208449565,115,862.6,0.024995
28717501,1757208480035,1757208480150,115,862.7,0.026568
28717502,1757208482513,1757208482628,115,862.7,0.025996
28717503,1757208496426,1757208496541,115,862.6,0.117074
28717505,1757208500655,1757208500767,112,862.5,0.193368
28717506,1757208518868,1757208518983,115,862.4,0.243907
28717507,1757208565009,1757208565125,116,862.4,0.22
28717508,1757208581712,1757208581823,111,862.4,0.03704
28717509,1757208603193,1757208603307,114,862.2,0.03511
28717510,1757208605219,1757208605334,115,862.2,0.040885
28717511,1757208639798,1757208639913,115,862.2,0.174058
28717512,1757208642560,1757208642674,114,862.1,0.030364
28717513,1757208666618,1757208666733,115,862,0.11
28717516,1757208729395,1757208729510,115,862.2,0.160582
28717517,1757208746768,1757208746882,114,862.4,0.026997
28717518,1757208752764,1757208752879,115,862.4,0.02
28717520,1757208763533,1757208763648,115,862.5,1.666395
28717529,1757208763533,1757208763648,115,862.6,4.130227
28717530,1757208763540,1757208763651,111,862.6,0.028989
28717534,1757208763540,1757208763651,111,862.7,1.10449
28717535,1757208778110,1757208778222,112,862.6,0.026282
28717536,1757208781871,1757208781986,115,862.5,0.024998
28717537,1757208795506,1757208795617,111,862.5,0.212765
28717538,1757208802359,1757208802473,114,862.5,0.067207
28717539,1757208808533,1757208808647,114,862.5,0.001
28717540,1757208808794,1757208808909,115,862.5,0.035768
28717541,1757208812014,1757208812129,115,862.5,0.912347
28717544,1757208812776,1757208812890,114,862.4,1.158
28717545,1757208824261,1757208824376,115,862.4,0.056021
28717546,1757208857959,1757208858074,115,862.4,0.238027
28717547,1757208859370,1757208859484,114,862.5,0.013098
28717548,1757208859877,1757208859991,114,862.5,0.028
28717549,1757208885021,1757208885136,115,862.5,0.016205
28717550,1757208896914,1757208897028,114,862.5,0.028999
28717551,1757208911623,1757208911738,115,862.5,0.159258
28717553,1757208934957,1757208935072,115,862.6,0.025998
28717554,1757208935260,1757208935374,114,862.5,0.015859
28717555,1757208944195,1757208944309,114,862.5,0.0221
28717556,1757208944260,1757208944375,115,862.5,0.000052
28717558,1757208944260,1757208944375,115,862.4,1.457922
28717559,1757208954663,1757208954778,115,862.3,0.072802
28717561,1757208977098,1757208977212,114,862.4,0.064888
28717562,1757208995439,1757208995553,114,862.3,0.09568
28717563,1757209009807,1757209009922,115,862.4,0.236317
28717564,1757209027376,1757209027490,114,862.3,0.002331
28717569,1757209073077,1757209073189,112,862.3,1.978569
28717572,1757209090849,1757209090963,114,862.1,0.911434
28717573,1757209094145,1757209094260,115,862.2,0.115286
28717574,1757209131528,1757209131642,114,862,0.109167
28717575,1757209134821,1757209134936,115,862.1,0.048718
28717576,1757209149104,1757209149219,115,862.1,0.051734
28717577,1757209194209,1757209194323,114,862.1,0.027
28717578,1757209217167,1757209217281,114,862,0.003164
28717579,1757209225064,1757209225178,114,862.1,0.033459
28717580,1757209265960,1757209266074,114,862.1,0.473898
28717582,1757209282376,1757209282490,114,862.1,0.064236
28717583,1757209283474,1757209283589,115,862.2,0.0015
28717584,1757209284735,1757209284850,115,862.4,0.861389
28717586,1757209288210,1757209288325,115,862.3,1.298707
28717587,1757209290319,1757209290434,115,862.3,0.026003
28717588,1757209295250,1757209295365,115,862.3,0.057984
28717589,1757209348067,1757209348180,113,862.3,0.020849
28717590,1757209361398,1757209361513,115,862.3,0.026999
28717592,1757209397444,1757209397557,113,862.4,0.028998
28717594,1757209421592,1757209421708,116,862.3,0.034401
28717596,1757209458026,1757209458142,116,862.3,1.094489
28717597,1757209464957,1757209465073,116,862.3,0.184505
28717599,1757209478461,1757209478580,119,862.4,0.021369
28717600,1757209503246,1757209503363,117,862.4,0.616651
28717601,1757209513561,1757209513678,117,862.4,0.025999
28717604,1757209547591,1757209547708,117,862.6,0.028996
28717605,1757209554649,1757209554763,114,862.5,0.013912
28717606,1757209555769,1757209555886,117,862.5,0.026709
28717607,1757209580522,1757209580639,117,862.4,0.118418
28717608,1757209611668,1757209611785,117,862.5,0.013985
28717610,1757209613183,1757209613300,117,862.6,0.009158
28717612,1757209621661,1757209621778,117,862.7,0.025995
28717613,1757209625850,1757209625967,117,862.7,0.009148
28717616,1757209628428,1757209628545,117,862.8,0.11367
28717617,1757209644444,1757209644558,114,862.8,0.001159
28717619,1757209655703,1757209655821,118,862.9,0.027997
28717620,1757209692741,1757209692859,118,862.9,0.026997
28717621,1757209721397,1757209721515,118,862.9,0.009155
28717622,1757209727775,1757209727893,118,862.9,0.026997
28717623,1757209739851,1757209739969,118,862.9,0.004056
28717624,1757209742520,1757209742637,117,862.9,0.080741
28717625,1757209743740,1757209743858,118,862.8,0.009146
28717626,1757209743921,1757209744039,118,862.9,0.015518
28717630,1757209762581,1757209762701,120,862.9,1.663375
28717634,1757209763825,1757209763943,118,863,0.012229
28717635,1757209763825,1757209763947,122,863.1,0.013766
28717636,1757209769362,1757209769480,118,863,0.004937
28717637,1757209769362,1757209769480,118,863.1,0.015409
28717638,1757209786466,1757209786584,118,863.1,0.460399
28717640,1757209797860,1757209797975,115,863.2,0.028995
28717647,1757209800122,1757209800241,119,863.2,0.050303
28717648,1757209808661,1757209808776,115,863.1,0.028062
28717649,1757209814148,1757209814266,118,863,0.099912
28717650,1757209815319,1757209815437,118,863,0.50232
28717653,1757209832485,1757209832603,118,863,2.059915
28717661,1757209832485,1757209832603,118,862.9,5.100279
28717663,1757209832495,1757209832610,115,862.9,1.291151
28717664,1757209859468,1757209859586,118,863.1,0.057698
28717667,1757209892566,1757209892684,118,863.1,1.527709
28717668,1757209896346,1757209896465,119,863.1,0.020001
28717670,1757209904976,1757209905094,118,863.2,0.028998
28717671,1757209913565,1757209913702,137,863.2,0.190409
28717672,1757209920448,1757209920566,118,863.2,0.0214
28717673,1757209938437,1757209938556,119,863,0.014615
28717674,1757209943314,1757209943433,119,863.1,0.025999
28717675,1757209966736,1757209966854,118,863.2,0.137296
28717676,1757209977040,1757209977158,118,863.2,0.027
28717677,1757209980511,1757209980630,119,863.2,0.040044
28717678,1757209986020,1757209986138,118,863.2,0.11702
28717679,1757209991402,1757209991522,120,863,0.326
28717682,1757210025808,1757210025928,120,863,3.23813
28717683,1757210029055,1757210029183,128,863,1.588005
28717684,1757210045325,1757210045441,116,862.9,0.893409
28717686,1757210045325,1757210045441,116,862.9,0.387893
28717688,1757210045326,1757210045441,115,862.9,0.265159
28717691,1757210045326,1757210045442,116,862.9,4.060375
28717692,1757210062758,1757210062877,119,863,0.004634
28717693,1757210079293,1757210079412,119,863,0.011587
28717694,1757210093028,1757210093147,119,863,0.016125
28717695,1757210094134,1757210094250,116,862.9,0.428377
28717696,1757210094137,1757210094253,116,862.7,0.119999
28717697,1757210095099,1757210095219,120,862.7,0.010341
28717698,1757210123690,1757210123810,120,862.8,0.020876
28717699,1757210138211,1757210138331,120,862.7,0.002083
28717700,1757210148205,1757210148324,119,862.8,0.463553
28717701,1757210156834,1757210156954,120,862.8,0.021657
28717704,1757210160073,1757210160192,119,862.7,0.992001
28717705,1757210194428,1757210194547,119,862.7,0.011588
28717707,1757210254185,1757210254304,119,862.7,0.104114
28717709,1757210255663,1757210255782,119,862.6,1.074689
28717710,1757210269117,1757210269237,120,862.5,0.055352
28717711,1757210272520,1757210272636,116,862.5,0.057751
28717712,1757210295355,1757210295474,119,862.5,0.22144
28717714,1757210297170,1757210297290,120,862.4,1.046711
28717715,1757210302607,1757210302726,119,862.4,0.010781
28717716,1757210304422,1757210304541,119,862.3,0.026824
28717717,1757210304836,1757210304955,119,862.2,0.001
28717719,1757210305078,1757210305197,119,862,0.232051
28717721,1757210305080,1757210305199,119,862,0.174041
28717723,1757210305085,1757210305201,116,861.9,0.174038
28717724,1757210322636,1757210322756,120,861.8,0.001
28717725,1757210324058,1757210324177,119,861.7,0.017407
28717726,1757210333293,1757210333412,119,861.6,0.001
28717727,1757210337494,1757210337613,119,861.6,0.001044
28717728,1757210349343,1757210349463,120,861.7,0.333356
28717729,1757210349343,1757210349463,120,861.7,0.077823
28717730,1757210382170,1757210382289,119,861.9,0.001
28717731,1757210384140,1757210384259,119,861.9,0.011624
28717732,1757210386416,1757210386536,120,862,0.2
28717734,1757210387130,1757210387251,121,862,0.185409
28717736,1757210387130,1757210387251,121,861.9,0.218773
28717737,1757210391832,1757210391962,130,861.9,0.05829
28717738,1757210392317,1757210392436,119,861.9,0.042564
28717739,1757210399457,1757210399576,119,861.9,0.017163
28717740,1757210401391,1757210401508,117,862,0.00928
28717741,1757210402174,1757210402290,116,862,0.006496
28717742,1757210402985,1757210403102,117,862,0.00232
28717743,1757210404606,1757210404723,117,862,0.011832
28717744,1757210405359,1757210405479,120,862,0.005336
28717746,1757210407758,1757210407878,120,862.1,0.005799
28717747,1757210407784,1757210407905,121,862.1,0.0015
28717749,1757210407784,1757210407905,121,862.2,0.010098
28717750,1757210410538,1757210410658,120,862.1,0.043443
28717753,1757210412583,1757210412700,117,862.2,0.011598
28717756,1757210416286,1757210416406,120,862.3,0.011596
28717757,1757210416591,1757210416707,116,862.3,0.005798
28717758,1757210417388,1757210417504,116,862.3,0.024121
28717759,1757210419783,1757210419907,124,862.3,0.002319
28717760,1757210423783,1757210423905,122,862.3,0.002319
28717761,1757210423783,1757210423906,123,862.3,0.002319
28717762,1757210426984,1757210427100,116,862.3,0.005798
28717763,1757210427021,1757210427137,116,862.3,0.018555
28717764,1757210427981,1757210428111,130,862.2,0.030645
28717765,1757210428607,1757210428724,117,862.3,0.013916
28717766,1757210434122,1757210434241,119,862.3,0.003479
28717767,1757210440607,1757210440727,120,862.2,0.030002
28717768,1757210442816,1757210442933,117,862.2,0.46568
28717769,1757210467751,1757210467870,119,862.2,0.340574
28717770,1757210470466,1757210470589,123,862.1,0.023304
28717771,1757210484044,1757210484166,122,862.1,0.0015
28717774,1757210484044,1757210484166,122,862.2,0.1085
28717775,1757210484044,1757210484166,122,862.2,0.11
28717776,1757210484044,1757210484166,122,862.2,0.11
28717778,1757210484044,1757210484166,122,862.2,0.57
28717779,1757210484044,1757210484166,122,862.2,0.11
28717780,1757210484044,1757210484167,123,862.2,0.11
28717781,1757210484044,1757210484167,123,862.2,0.11
28717782,1757210485425,1757210485550,125,862.2,0.012771
28717783,1757210498733,1757210498853,120,861.9,0.010558
28717786,1757210499426,1757210499543,117,861.8,1.09374
28717787,1757210499433,1757210499549,116,861.8,0.08
28717788,1757210502802,1757210502924,122,861.9,0.62
28717789,1757210502802,1757210502924,122,861.9,0.09
28717790,1757210502802,1757210502924,122,861.9,0.09
28717791,1757210502803,1757210502924,121,861.9,0.09
28717792,1757210502803,1757210502924,121,861.9,0.1
28717794,1757210502803,1757210502924,121,861.9,0.57
28717798,1757210502803,1757210502924,121,861.9,3.111324
28717801,1757210502803,1757210502927,124,862,1.195376
28717802,1757210502803,1757210502927,124,862.1,0.09
28717805,1757210502803,1757210502927,124,862.1,0.62
28717806,1757210502803,1757210502927,124,862.1,0.26
28717807,1757210502803,1757210502927,124,862.1,0.26
28717808,1757210502803,1757210502927,124,862.1,0.26
28717809,1757210502803,1757210502927,124,862.1,0.460269
28717811,1757210502803,1757210502927,124,862.1,0.62
28717812,1757210502803,1757210502927,124,862.1,0.09
28717813,1757210502803,1757210502927,124,862.1,0.7
28717815,1757210502803,1757210502927,124,862.2,0.62
28717817,1757210502803,1757210502927,124,862.2,0.699946
28717818,1757210502803,1757210502927,124,862.2,0.7
28717820,1757210502803,1757210502927,124,862.2,0.003
28717823,1757210502803,1757210502927,124,862.3,0.257
28717825,1757210502803,1757210502927,124,862.3,0.7
28717826,1757210502803,1757210502927,124,862.3,0.7
28717827,1757210502804,1757210502927,123,862,0.372329
28717828,1757210502804,1757210502928,124,862.3,0.037664
28717829,1757210502804,1757210502928,124,862.3,0.7
28717830,1757210502804,1757210502928,124,862.3,0.7
28717831,1757210502804,1757210502928,124,862.3,0.259981
28717832,1757210502804,1757210502928,124,862.3,0.699993
28717833,1757210502804,1757210502928,124,862.3,0.639993
28717834,1757210502804,1757210502928,124,862.3,1.139999
28717835,1757210502805,1757210502928,123,862.3,0.13
28717836,1757210502806,1757210502928,122,862.3,0.30006
28717837,1757210502806,1757210502928,122,862.3,0.30006
28717838,1757210502812,1757210502929,117,862.3,0.120012
28717839,1757210502812,1757210502929,117,862.3,0.119949
28717841,1757210502816,1757210502933,117,862.2,1.38732
28717842,1757210502847,1757210502967,120,862.1,1.98686
28717843,1757210502849,1757210502971,122,862.1,0.09
28717844,1757210502849,1757210502971,122,862.1,0.09
28717845,1757210502849,1757210502971,122,862.1,0.08
28717846,1757210502849,1757210502971,122,862.1,0.08
28717847,1757210502850,1757210502971,121,862.1,0.09
28717848,1757210502850,1757210502971,121,862.1,0.09
28717849,1757210502850,1757210502971,121,862.2,1.293147
28717851,1757210502857,1757210502974,117,862.3,0.0025
28717853,1757210502857,1757210502974,117,862.4,0.0775
28717855,1757210502857,1757210502974,117,862.4,0.09
28717856,1757210502887,1757210503003,116,862.4,1.727918
28717857,1757210507878,1757210507998,120,862.3,0.013
28717858,1757210534936,1757210535055,119,862.2,0.025725
28717861,1757210548507,1757210548625,118,862.3,0.166567
28717862,1757210576063,1757210576183,120,862.1,0.019883
28717864,1757210583448,1757210583568,120,862.2,0.292739
28717865,1757210605997,1757210606116,119,862.1,0.0058
28717866,1757210609458,1757210609578,120,862.2,0.171848
28717867,1757210613152,1757210613272,120,862.4,0.0015
28717868,1757210613152,1757210613273,121,862.5,0.001398
28717869,1757210618706,1757210618823,117,862.4,1.518858
28717870,1757210623805,1757210623925,120,862.3,0.034408
28717872,1757210628901,1757210629021,120,862.2,1.485902
28717873,1757210637481,1757210637601,120,862.1,0.927966
28717874,1757210644330,1757210644450,120,862,0.1
28717875,1757210645603,1757210645723,120,862.1,1.584804
28717876,1757210646513,1757210646632,119,862.1,1.44185
28717877,1757210648103,1757210648223,120,862.1,0.15265
28717879,1757210666173,1757210666293,120,862.2,0.005799
28717880,1757210667520,1757210667640,120,862.1,0.007033
28717881,1757210696339,1757210696459,120,861.8,0.001
28717885,1757210696339,1757210696459,120,861.7,0.214419
28717886,1757210718101,1757210718222,121,861.9,0.018
28717887,1757210749847,1757210749967,120,862,0.0015
28717888,1757210749847,1757210749967,120,862.1,0.027493
28717890,1757210770662,1757210770782,120,862.1,0.08
28717891,1757210770662,1757210770783,121,862.1,0.09
28717892,1757210770662,1757210770783,121,862.1,0.09
28717893,1757210770662,1757210770783,121,862.1,0.09
28717894,1757210770662,1757210770783,121,862.1,0.08
28717898,1757210788136,1757210788256,120,862.2,0.024995
28717900,1757210792528,1757210792648,120,862.2,2.368857
28717901,1757210794622,1757210794742,120,862.2,0.074331
28717902,1757210805256,1757210805373,117,862.1,0.027757
28717903,1757210833562,1757210833682,120,861.9,2.0543
28717909,1757210833562,1757210833683,121,862,6.436116
28717915,1757210833562,1757210833683,121,862.1,10.349655
28717916,1757210843934,1757210844051,117,861.8,0.001
28717917,1757210853716,1757210853836,120,861.7,0.03
28717919,1757210869803,1757210869923,120,861.6,0.093
28717920,1757210879233,1757210879352,119,861.7,1.717925
28717922,1757210879423,1757210879543,120,861.7,1.184914
28717923,1757210879920,1757210880038,118,861.7,0.012852
28717924,1757210881306,1757210881426,120,861.7,0.624455
28717925,1757210890982,1757210891102,120,861.8,0.004258
28717927,1757210904651,1757210904771,120,861.7,0.232099
28717928,1757210923198,1757210923318,120,861.7,0.079759
28717929,1757210925035,1757210925155,120,861.7,0.028998
28717930,1757210935871,1757210935991,120,861.5,0.0013
28717932,1757210957045,1757210957166,121,861.7,0.928397
28717937,1757210962771,1757210962892,121,861.6,2.267595
28717943,1757210962771,1757210962892,121,861.5,3.534888
28717947,1757210962779,1757210962896,117,861.5,1.984143
28717953,1757210962779,1757210962896,117,861.4,2.608606
28717954,1757210962921,1757210963041,120,861.6,1.415199
28717959,1757210987352,1757210987473,121,861.6,1.370108
28717960,1757210987352,1757210987473,121,861.5,0.415646
28717961,1757210998563,1757210998687,124,861.5,0.12
28717962,1757211009307,1757211009430,123,861.6,0.017678
28717964,1757211009307,1757211009430,123,861.8,0.072322
28717966,1757211009307,1757211009430,123,861.8,0.09
28717967,1757211009307,1757211009430,123,861.8,0.09
28717968,1757211009307,1757211009430,123,861.8,0.09
28717969,1757211009308,1757211009430,122,861.8,0.09
28717970,1757211009308,1757211009430,122,861.8,0.09
28717971,1757211018932,1757211019053,121,861.7,0.122102
28717972,1757211043116,1757211043236,120,861.7,0.119
28717973,1757211044387,1757211044507,120,861.8,0.418658
28717975,1757211050415,1757211050535,120,861.7,0.223424
28717977,1757211061129,1757211061249,120,861.6,0.43
28717978,1757211089253,1757211089415,162,861.7,0.01855
28717979,1757211091740,1757211091860,120,861.7,0.064469
28717980,1757211095456,1757211095576,120,861.7,0.105605
28717981,1757211120226,1757211120347,121,861.8,0.027997
28717982,1757211129014,1757211129134,120,861.8,0.09566
28717983,1757211129014,1757211129135,121,861.8,0.000002
28717984,1757211129027,1757211129143,116,862.1,0.09
28717985,1757211129032,1757211129149,117,862,0.019997
28717989,1757211129035,1757211129152,117,862.1,1.212546
28717990,1757211129064,1757211129181,117,862.1,1.303063
28717991,1757211142411,1757211142531,120,862.1,0.024
28717992,1757211153848,1757211154030,182,862.1,0.046997
28717993,1757211156277,1757211156394,117,862.2,0.024996
28717994,1757211173207,1757211173327,120,862.2,0.006
28717996,1757211189301,1757211189421,120,862.3,0.025997
28717997,1757211202819,1757211202939,120,862.2,0.045393
28717998,1757211203235,1757211203352,117,862.2,0.001042
28718000,1757211207843,1757211207964,121,862.2,0.025994
28718001,1757211210896,1757211211016,120,862.1,0.028998
28718002,1757211216775,1757211216895,120,862.2,0.706776
28718003,1757211228259,1757211228379,120,862.2,0.005799
28718004,1757211232710,1757211232831,121,862.1,0.976104
28718005,1757211252291,1757211252411,120,862.1,0.552604
28718006,1757211271856,1757211271976,120,862.1,0.035339
28718009,1757211273631,1757211273752,121,862.1,0.706776
28718010,1757211289405,1757211289526,121,862.1,0.026996
28718011,1757211326442,1757211326563,121,862.1,0.057997
28718012,1757211328127,1757211328247,120,862,0.023292
28718014,1757211363743,1757211363862,119,861.8,1.989848
28718015,1757211366683,1757211366802,119,861.8,1.40651
28718016,1757211375326,1757211375446,120,861.7,0.024194
28718021,1757211375326,1757211375446,120,861.6,0.214487
28718022,1757211392917,1757211393037,120,861.6,0.117223
28718024,1757211394863,1757211394983,120,861.6,0.617791
28718026,1757211411045,1757211411165,120,861.7,2.007011
28718035,1757211411045,1757211411165,120,861.8,11.914624
28718037,1757211411262,1757211411382,120,861.7,1.448475
28718038,1757211411333,1757211411452,119,861.7,1.252093
28718039,1757211428046,1757211428166,120,861.7,0.013063
28718040,1757211446588,1757211446707,119,861.6,0.028998
28718044,1757211455413,1757211455532,119,861.5,0.977311
28718045,1757211473646,1757211473765,119,861.5,0.020473
28718048,1757211497989,1757211498108,119,861.4,0.217441
28718050,1757211525791,1757211525910,119,861.4,0.228501
28718051,1757211570583,1757211570702,119,861.4,0.594109
28718053,1757211638775,1757211638894,119,861.4,0.027997
28718055,1757211642213,1757211642331,118,861.3,0.045097
28718056,1757211643416,1757211643534,118,861.3,1.172833
28718057,1757211660200,1757211660319,119,861.4,0.475621
28718058,1757211664036,1757211664155,119,861.3,0.357693
28718059,1757211670873,1757211670991,118,861.5,0.021456
28718060,1757211694172,1757211694290,118,861.4,0.116076
28718061,1757211702166,1757211702284,118,861.3,0.117
28718062,1757211744876,1757211744994,118,861.6,0.024996
28718063,1757211758038,1757211758156,118,861.6,0.50882
28718064,1757211768586,1757211768704,118,861.6,0.020898
28718065,1757211778482,1757211778601,119,861.6,0.251392
28718066,1757211783472,1757211783591,119,861.6,1.464948
28718067,1757211795012,1757211795130,118,861.7,0.162
28718071,1757211797971,1757211798089,118,861.8,0.189223
28718074,1757211808854,1757211808974,120,861.9,0.137022
28718075,1757211813940,1757211814058,118,861.9,0.026995
28718077,1757211817397,1757211817512,115,861.9,1.419306
28718078,1757211817422,1757211817538,116,861.9,1.945362
28718079,1757211844054,1757211844172,118,861.9,0.949947
28718080,1757211848982,1757211849100,118,861.9,0.029995
28718084,1757211859514,1757211859632,118,861.8,3.15285
28718086,1757211859514,1757211859632,118,861.7,0.707911
28718088,1757211866690,1757211866841,151,861.6,0.107383
28718089,1757211873339,1757211873457,118,861.7,0.924949
28718090,1757211873925,1757211874043,118,861.8,0.179856
28718091,1757211877169,1757211877287,118,861.6,0.006962
28718092,1757211877706,1757211877824,118,861.6,0.78
28718093,1757211877837,1757211877955,118,861.7,0.023209
28718094,1757211879157,1757211879276,119,861.7,0.00116
28718095,1757211882686,1757211882804,118,861.7,0.133341
28718096,1757211884466,1757211884584,118,861.7,0.056589
28718097,1757211889238,1757211889357,119,861.7,0.462375
28718099,1757211892111,1757211892230,119,861.7,1.455358
28718100,1757211902167,1757211902285,118,861.6,0.797187
28718101,1757211937652,1757211937770,118,861.5,0.09992
28718102,1757211955225,1757211955343,118,861.6,1.086864
28718103,1757211978726,1757211978844,118,861.8,0.031768
28718105,1757211993435,1757211993553,118,861.8,0.116036
28718106,1757212003055,1757212003173,118,861.7,1.606294
28718108,1757212003063,1757212003177,114,861.6,0.125
28718110,1757212003350,1757212003468,118,861.6,0.058018
28718111,1757212029682,1757212029800,118,861.9,0.018382
28718112,1757212042967,1757212043085,118,861.8,0.145
28718114,1757212063201,1757212063319,118,861.9,0.028995
28718115,1757212074720,1757212074834,114,861.8,1.074992
28718116,1757212074726,1757212074841,115,861.8,0.025141
28718117,1757212098337,1757212098454,117,861.9,1.317
28718118,1757212103294,1757212103411,117,861.8,0.03217
28718119,1757212135277,1757212135395,118,861.9,0.026997
28718120,1757212139067,1757212139185,118,861.8,0.23
28718121,1757212139074,1757212139188,114,861.8,0.02321
28718123,1757212146375,1757212146494,119,862,0.1
28718124,1757212146375,1757212146495,120,862,0.1
28718125,1757212146375,1757212146495,120,862,0.1
28718126,1757212146375,1757212146495,120,862,0.09
28718127,1757212146375,1757212146495,120,862,0.1
28718128,1757212146375,1757212146495,120,862,0.09
28718129,1757212151463,1757212151580,117,861.9,0.25114
28718130,1757212181995,1757212182113,118,862,0.0116
28718132,1757212199312,1757212199430,118,862,1.630227
28718133,1757212200350,1757212200465,115,862,0.024998
28718134,1757212208899,1757212209016,117,862,0.153132
28718135,1757212211390,1757212211504,114,862,0.661364
28718136,1757212212104,1757212212222,118,861.9,0.025496
28718138,1757212216457,1757212216574,117,862,1.837704
28718144,1757212216457,1757212216575,118,862.1,3.9623
28718146,1757212216463,1757212216577,114,862.1,2.500498
28718151,1757212216463,1757212216577,114,862.2,3.255747
28718152,1757212233385,1757212233503,118,862.1,0.024996
28718153,1757212250022,1757212250140,118,862.1,0.12
28718154,1757212266435,1757212266552,117,862.2,0.025999
28718155,1757212278781,1757212278896,115,862.2,0.004175
28718156,1757212278854,1757212278968,114,862.2,0.005592
28718157,1757212289303,1757212289421,118,862.2,0.127943
28718161,1757212299281,1757212299399,118,862.3,0.162588
28718163,1757212313655,1757212313772,117,862.4,0.021086
28718164,1757212329432,1757212329549,117,862.3,0.007533
28718165,1757212342202,1757212342320,118,862.3,0.02674
28718167,1757212360445,1757212360562,117,862.2,0.18
28718169,1757212361889,1757212362006,117,862.4,0.130102
28718170,1757212370633,1757212370751,118,862.4,0.047657
28718172,1757212375599,1757212375717,118,862.3,0.107213
28718174,1757212386878,1757212386995,117,862.4,0.173933
28718177,1757212398327,1757212398445,118,862.5,0.157217
28718178,1757212400321,1757212400438,117,862.5,0.003014
28718179,1757212422645,1757212422762,117,862.5,0.038
28718183,1757212437624,1757212437741,117,862.6,0.028995
28718184,1757212443158,1757212443276,118,862.6,0.036085
28718185,1757212452934,1757212453052,118,862.6,1.159285
28718190,1757212452954,1757212453068,114,862.6,2.027288
28718194,1757212480954,1757212481071,117,862.7,0.23635
28718195,1757212550730,1757212550854,124,862.8,0.0015
28718197,1757212550730,1757212550854,124,862.9,0.025492
28718198,1757212577747,1757212577865,118,862.9,0.716084
28718199,1757212586761,1757212586878,117,862.9,0.027994
28718200,1757212605923,1757212606040,117,862.8,0.299721
28718201,1757212609286,1757212609403,117,862.8,0.199262
28718202,1757212622291,1757212622405,114,862.8,0.121218
28718203,1757212641775,1757212641892,117,862.8,0.001
28718204,1757212675761,1757212675878,117,862.7,0.028314
28718205,1757212675762,1757212675879,117,862.7,0.023183
28718206,1757212675762,1757212675880,118,862.7,0.028313
28718208,1757212688955,1757212689073,118,862.7,0.049771
28718211,1757212691729,1757212691849,120,862.7,1.210029
28718214,1757212711768,1757212711885,117,862.7,0.142754
28718215,1757212747807,1757212747999,192,862.7,0.069549
28718216,1757212770889,1757212771007,118,862.7,0.0053
28718218,1757212813972,1757212814089,117,862.8,0.026995
28718219,1757212830497,1757212830611,114,862.7,0.020676
28718220,1757212844880,1757212844997,117,862.7,0.23183
28718221,1757212861263,1757212861381,118,862.7,0.03
28718222,1757212902737,1757212902856,119,862.6,0.032192
28718223,1757212912465,1757212912579,114,862.7,0.256095
28718224,1757212916882,1757212916999,117,862.7,1.496474
28718225,1757212926918,1757212927035,117,862.6,0.055247
28718226,1757212939203,1757212939320,117,862.6,0.013
28718227,1757212948530,1757212948647,117,862.6,0.077203
28718228,1757212949899,1757212950016,117,862.6,0.119999
28718229,1757212976217,1757212976334,117,862.7,1.39523
28718232,1757212976218,1757212976334,116,862.7,1.249003
28718235,1757212976219,1757212976334,115,862.8,0.562181
28718236,1757212976220,1757212976334,114,862.8,0.343988
28718238,1757212976221,1757212976335,114,862.8,3.337063
28718240,1757212977127,1757212977244,117,862.9,0.029985
28718242,1757212977135,1757212977248,113,862.9,0.030986
28718243,1757212990355,1757212990472,117,862.9,0.025843
28718245,1757213008468,1757213008585,117,862.9,1.295037
28718249,1757213016170,1757213016287,117,863,0.028992
28718250,1757213028117,1757213028234,117,862.9,0.034907
28718251,1757213054209,1757213054326,117,863.1,0.001
28718252,1757213055352,1757213055469,117,863.2,0.024994
28718259,1757213073839,1757213073956,117,863.2,2.945926
28718263,1757213073839,1757213073956,117,863.3,2.054074
28718264,1757213088159,1757213088276,117,863.3,1.29071
28718265,1757213091052,1757213091247,195,863.3,0.010774
28718268,1757213114772,1757213114889,117,863.3,0.021216
28718269,1757213135526,1757213135643,117,863.3,0.02974
28718270,1757213147881,1757213147998,117,863.2,0.442
28718271,1757213159339,1757213159455,116,863.2,0.025995
28718272,1757213166144,1757213166261,117,863.2,0.057924
28718273,1757213171781,1757213171898,117,863.2,0.621608
28718274,1757213173893,1757213174010,117,863.2,0.173772
28718275,1757213190273,1757213190390,117,863.1,0.035
28718276,1757213193366,1757213193483,117,863.2,0.028377
28718277,1757213194979,1757213195092,113,863.1,0.169725
28718278,1757213223298,1757213223415,117,863.1,0.058794
28718281,1757213240236,1757213240352,116,863.1,1.114998
28718282,1757213240273,1757213240387,114,863.2,0.020423
28718283,1757213264424,1757213264540,116,863.2,0.025998
28718284,1757213294412,1757213294529,117,863.1,0.130413
28718285,1757213298466,1757213298582,116,863.2,0.027
28718286,1757213308924,1757213309041,117,863.1,0.099997
28718290,1757213317222,1757213317339,117,863.2,1.657116
28718291,1757213343178,1757213343295,117,863.3,0.023
28718297,1757213348635,1757213348752,117,863.4,0.098911
28718298,1757213387866,1757213387983,117,863.4,0.173707
28718299,1757213387867,1757213387984,117,863.4,0.231618
28718300,1757213392049,1757213392183,134,863.3,0.442
28718301,1757213409380,1757213409494,114,863.3,0.130332
28718303,1757213409380,1757213409494,114,863.4,0.015577
28718304,1757213419157,1757213419274,117,863.3,0.044414
28718305,1757213435134,1757213435251,117,863.3,0.024452
28718307,1757213449080,1757213449240,160,863.3,0.815998
28718309,1757213450106,1757213450223,117,863.2,0.442
28718311,1757213499268,1757213499385,117,863.3,0.272211
28718312,1757213502449,1757213502566,117,863.2,0.271938
28718314,1757213505116,1757213505233,117,863.3,0.721181
28718315,1757213509676,1757213509793,117,863.2,0.01418
28718317,1757213509721,1757213509838,117,863.2,0.73837
28718318,1757213509732,1757213509846,114,863.2,0.000006
28718319,1757213510087,1757213510206,119,863.1,0.01
28718320,1757213520813,1757213520931,118,863.2,0.035995
28718322,1757213526932,1757213527049,117,863.3,0.146305
28718324,1757213526932,1757213527049,117,863.4,0.320471
28718326,1757213559525,1757213559642,117,863.4,0.116338
28718330,1757213568413,1757213568532,119,863.5,0.012221
28718337,1757213568413,1757213568532,119,863.6,0.6
28718338,1757213568413,1757213568532,119,863.6,0.4684
28718339,1757213568413,1757213568532,119,863.6,0.013189
28718344,1757213568413,1757213568532,119,863.7,0.586811
28718347,1757213568413,1757213568532,119,863.7,0.6
28718348,1757213568413,1757213568532,119,863.7,0.6
28718349,1757213568875,1757213568993,118,863.7,0.011649
28718350,1757213568924,1757213569041,117,863.7,0.03495
28718355,1757213569712,1757213569829,117,863.8,0.0353
28718358,1757213569712,1757213569829,117,863.9,0.061081
28718359,1757213575137,1757213575254,117,863.7,0.347552
28718360,1757213577588,1757213577706,118,863.8,0.015049
28718361,1757213578315,1757213578432,117,863.8,0.231106
28718362,1757213580895,1757213581012,117,863.8,0.011471
28718363,1757213581897,1757213582014,117,863.8,0.011576
28718364,1757213581924,1757213582038,114,863.8,0.011576
28718365,1757213582657,1757213582774,117,863.8,0.011576
28718367,1757213587308,1757213587425,117,863.9,0.013151
28718370,1757213589154,1757213589271,117,863.9,1.041787
28718371,1757213623800,1757213623914,114,863.8,0.284019
28718372,1757213623807,1757213623921,114,863.8,0.001055
28718373,1757213632978,1757213633095,117,863.9,0.054323
28718382,1757213655414,1757213655531,117,864,0.1208
28718383,1757213655416,1757213655533,117,864,0.000035
28718384,1757213655420,1757213655534,114,864,0.005807
28718392,1757213673782,1757213673900,118,864.1,0.115727
28718393,1757213677715,1757213677832,117,864,0.01892
28718394,1757213678367,1757213678485,118,864.1,0.15
28718395,1757213688163,1757213688281,118,864.1,0.013217
28718402,1757213718299,1757213718421,122,864.2,1.364139
28718405,1757213724571,1757213724688,117,864.4,0.097538
28718411,1757213739339,1757213739457,118,864.5,0.136365
28718412,1757213744809,1757213744926,117,864.5,0.057848
28718416,1757213744809,1757213744927,118,864.6,0.061472
28718417,1757213744821,1757213744936,115,864.6,0.002428
28718418,1757213749297,1757213749414,117,864.5,0.008474
28718419,1757213749300,1757213749415,115,864.4,0.0015
28718421,1757213786166,1757213786284,118,864.4,0.029494
28718422,1757213806192,1757213806310,118,864.5,1.1567
28718429,1757213806195,1757213806310,115,864.7,0.147757
28718431,1757213806195,1757213806310,115,864.7,0.839184
28718432,1757213806195,1757213806310,115,864.7,0.627032
28718433,1757213806195,1757213806310,115,864.7,1.034255
28718434,1757213813547,1757213813665,118,864.6,0.013831
28718438,1757213819430,1757213819547,117,864.8,0.666729
28718442,1757213825483,1757213825601,118,864.9,0.010226
28718455,1757213825483,1757213825601,118,865,2.561654
28718460,1757213825483,1757213825601,118,865,14.119076
28718474,1757213825483,1757213825601,118,865.1,4.984857
28718482,1757213825486,1757213825603,117,865.2,8.26506
28718487,1757213825486,1757213825603,117,865.2,6.181001
28718488,1757213825487,1757213825603,116,865.1,0.578134
28718494,1757213825487,1757213825603,116,865.3,3.770576
28718501,1757213825487,1757213825603,116,865.4,5.69318
28718502,1757213825488,1757213825604,116,865.2,0.578134
28718505,1757213825488,1757213825604,116,865.4,0.918011
28718524,1757213825489,1757213825604,115,865.5,10.308349
28718533,1757213825489,1757213825604,115,865.6,5.554631
28718536,1757213825497,1757213825611,114,865.6,0.539092
28718538,1757213825498,1757213825612,114,865.6,0.821129
28718539,1757213825498,1757213825613,115,865.6,1.5524
28718540,1757213825499,1757213825613,114,865.6,0.7762
28718541,1757213825499,1757213825613,114,865.6,0.207
28718542,1757213825499,1757213825613,114,865.6,0.00231
28718550,1757213825504,1757213825620,116,865.7,1.92
28718551,1757213825506,1757213825621,115,865.7,1.5524
28718552,1757213825506,1757213825621,115,865.7,0.1035
28718553,1757213825513,1757213825628,115,865.7,0.462053
28718554,1757213825515,1757213825629,114,865.7,0.462053
28718555,1757213825515,1757213825629,114,865.7,0.462053
28718556,1757213825515,1757213825630,115,865.7,0.349322
28718557,1757213825515,1757213825630,115,865.7,0.447297
28718559,1757213825528,1757213825642,114,865.7,2.37236
28718560,1757213825528,1757213825642,114,865.6,1.242195
28718561,1757213825566,1757213825684,118,865.5,0.5
28718567,1757213828011,1757213828129,118,865.8,0.231
28718568,1757213828025,1757213828139,114,865.8,0.005775
28718571,1757213828053,1757213828167,114,865.8,0.371154
28718573,1757213828194,1757213828312,118,865.8,0.352387
28718574,1757213834770,1757213834893,123,865.6,0.492322
28718575,1757213836055,1757213836172,117,865.6,0.007029
28718576,1757213837127,1757213837244,117,865.7,0.070845
28718578,1757213844573,1757213844691,118,865.6,0.125
28718579,1757213845649,1757213845766,117,865.5,0.05
28718583,1757213857871,1757213857988,117,865.5,2.088436
28718584,1757213857883,1757213857997,114,865.5,2.111093
28718585,1757213858242,1757213858359,117,865.5,1.549335
28718586,1757213860214,1757213860332,118,865.5,0.433812
28718587,1757213864507,1757213864625,118,865.4,0.479405
28718588,1757213875067,1757213875185,118,865.5,1.263796
28718589,1757213875872,1757213875990,118,865.5,1.429632
28718590,1757213876103,1757213876220,117,865.5,1.488343
28718592,1757213882599,1757213882717,118,865.6,0.352387
28718593,1757213882723,1757213882840,117,865.6,1.453656
28718595,1757213886212,1757213886330,118,865.6,1.10023
28718597,1757213886212,1757213886330,118,865.7,1.836863
28718598,1757213886820,1757213886937,117,865.8,0.634329
28718599,1757213893378,1757213893495,117,865.9,0.001154
28718607,1757213902428,1757213902542,114,865.9,1.126759
28718608,1757213929507,1757213929625,118,865.7,0.001
28718609,1757213931716,1757213931834,118,865.8,1.040998
28718612,1757213931716,1757213931834,118,865.9,2.442549
28718614,1757213962260,1757213962378,118,865.9,1.118066
28718623,1757213962260,1757213962378,118,866,0.228579
28718624,1757213963914,1757213964031,117,866,0.022401
28718625,1757213965270,1757213965388,118,865.9,1.023274
28718631,1757213966936,1757213967054,118,866,5.847288
28718635,1757213966987,1757213967105,118,866.1,0.005919
28718637,1757213967687,1757213967804,117,866.1,0.058182
28718641,1757213968344,1757213968461,117,866.2,0.0482
28718642,1757213968358,1757213968472,114,866.2,0.000004
28718643,1757213968358,1757213968472,114,866.3,0.002304
28718648,1757213968364,1757213968479,115,866.3,0.017315
28718649,1757213978219,1757213978336,117,866.3,0.517173
28718651,1757213978219,1757213978336,117,866.3,0.252761
28718652,1757213984898,1757213985020,122,866.3,0.09
28718653,1757213984898,1757213985020,122,866.3,0.1
28718654,1757213984898,1757213985020,122,866.3,0.11
28718655,1757213984898,1757213985020,122,866.3,0.09
28718656,1757213984898,1757213985020,122,866.3,0.12
28718657,1757213984898,1757213985020,122,866.3,0.09
28718658,1757213984898,1757213985020,122,866.3,0.11
28718659,1757213984898,1757213985020,122,866.3,0.11
28718660,1757213984898,1757213985020,122,866.3,0.11
28718661,1757213984898,1757213985020,122,866.3,0.1
28718662,1757213984898,1757213985020,122,866.3,0.1
28718663,1757213984898,1757213985020,122,866.3,0.1
28718664,1757213984898,1757213985020,122,866.3,0.1
28718665,1757213984899,1757213985020,121,866.3,0.12
28718666,1757213984899,1757213985020,121,866.3,0.11
28718667,1757213993339,1757213993456,117,866.2,0.467397
28718669,1757213996559,1757213996676,117,866.3,0.01553
28718670,1757214001374,1757214001488,114,866.3,0.004617
28718671,1757214002492,1757214002610,118,866.3,0.006831
28718672,1757214005906,1757214006024,118,866.3,2.315741
28718673,1757214006985,1757214007100,115,866.2,0.039251
28718674,1757214007790,1757214007904,114,866.2,0.025398
28718675,1757214008322,1757214008437,115,866,0.01
28718680,1757214012081,1757214012199,118,866.4,0.01607
28718685,1757214012131,1757214012249,118,866.5,0.0258
28718686,1757214012279,1757214012396,117,866.5,0.000036
28718691,1757214012279,1757214012396,117,866.6,5.593794
28718692,1757214012317,1757214012434,117,866.6,0.000038
28718700,1757214012557,1757214012675,118,866.6,3.84499
28718702,1757214012557,1757214012675,118,866.6,0.616574
28718704,1757214012557,1757214012675,118,866.5,0.411436
28718705,1757214012560,1757214012678,118,866.5,0.2588
28718711,1757214013470,1757214013587,117,866.7,0.11351
28718712,1757214013473,1757214013590,117,866.7,0.000009
28718714,1757214013854,1757214013972,118,866.7,0.064224
28718715,1757214014186,1757214014301,115,866.8,0.011536
28718717,1757214014386,1757214014506,120,866.8,0.09
28718718,1757214014386,1757214014506,120,866.8,0.041799
28718726,1757214014386,1757214014506,120,866.9,0.048201
28718728,1757214014386,1757214014506,120,866.9,0.1
28718729,1757214014386,1757214014506,120,866.9,0.09
28718730,1757214014386,1757214014506,120,866.9,0.09
28718731,1757214014386,1757214014506,120,866.9,0.09
28718732,1757214014387,1757214014506,119,866.9,0.1
28718733,1757214014387,1757214014506,119,866.9,0.09
28718734,1757214014885,1757214015003,118,866.8,0.017513
28718735,1757214015053,1757214015171,118,866.8,1.015442
28718737,1757214015059,1757214015173,114,867,0.07
28718739,1757214015064,1757214015178,114,867,0.05767
28718740,1757214017638,1757214017756,118,867,0.8873
28718741,1757214017643,1757214017757,114,867,0.000009
28718745,1757214017672,1757214017789,117,867.1,0.0691
28718751,1757214017699,1757214017816,117,867.2,0.1
28718752,1757214017700,1757214017817,117,867.2,0.1
28718753,1757214017700,1757214017817,117,867.2,0.1
28718754,1757214017700,1757214017817,117,867.2,0.055111
28718759,1757214017700,1757214017817,117,867.3,0.034889
28718761,1757214017700,1757214017817,117,867.3,0.002616
28718769,1757214017700,1757214017817,117,867.4,0.087384
28718770,1757214017700,1757214017817,117,867.4,0.1
28718771,1757214017700,1757214017817,117,867.4,0.1
28718772,1757214017700,1757214017817,117,867.4,0.1
28718773,1757214017700,1757214017817,117,867.4,0.1
28718774,1757214017700,1757214017817,117,867.4,0.09
28718775,1757214017700,1757214017817,117,867.4,0.09
28718776,1757214017700,1757214017817,117,867.4,0.09
28718778,1757214017701,1757214017823,122,867.4,0.259935
28718784,1757214017701,1757214017824,123,867.5,0.51
28718785,1757214017701,1757214017824,123,867.5,0.7
28718786,1757214017701,1757214017824,123,867.5,0.26
28718787,1757214017701,1757214017824,123,867.5,0.7
28718788,1757214017701,1757214017824,123,867.5,0.7
28718789,1757214017701,1757214017824,123,867.5,0.26
28718790,1757214017701,1757214017824,123,867.5,0.7
28718791,1757214017701,1757214017824,123,867.5,0.259903
28718794,1757214017701,1757214017824,123,867.5,0.345755
28718795,1757214017701,1757214017824,123,867.6,0.264245
28718796,1757214017702,1757214017824,122,867.6,0.61
28718803,1757214017702,1757214017824,122,867.6,0.61
28718804,1757214017702,1757214017824,122,867.6,0.531741
28718808,1757214017702,1757214017824,122,867.7,0.078259
28718809,1757214017702,1757214017824,122,867.7,0.61
28718812,1757214017702,1757214017824,122,867.7,0.61
28718813,1757214017702,1757214017824,122,867.7,0.61
28718814,1757214017702,1757214017824,122,867.7,1.45
28718815,1757214017702,1757214017824,122,867.7,0.61
28718816,1757214017702,1757214017824,122,867.7,1.430846
28718821,1757214017702,1757214017824,122,867.7,0.61
28718822,1757214017702,1757214017824,122,867.7,0.61
28718824,1757214017702,1757214017824,122,867.7,0.459893
28718825,1757214017702,1757214017825,123,867.7,0.61
28718827,1757214017702,1757214017825,123,867.7,0.61
28718828,1757214017702,1757214017825,123,867.7,0.61
28718829,1757214017702,1757214017825,123,867.7,0.61
28718830,1757214017702,1757214017825,123,867.7,0.61
28718831,1757214017702,1757214017825,123,867.7,1.274658
28718842,1757214017702,1757214017825,123,867.8,0.715342
28718843,1757214017702,1757214017826,124,867.4,0.576601
28718844,1757214017702,1757214017826,124,867.6,0.258528
28718847,1757214017702,1757214017826,124,867.8,1.751962
28718848,1757214017712,1757214017827,115,867.7,0.011524
28718849,1757214017714,1757214017828,114,867.7,0.003457
28718850,1757214017715,1757214017829,114,867.7,0.009219
