tradeID,ts_exchange_ms,ts_received_ms,delay,price,volume
787679025,1754999100218,1754999100.328342,1,118386.9,0.00112732
787679026,1754999102158,1754999102.2696893,1,118387,0.00002222
787679027,1754999102841,1754999102.9478881,1,118386.9,0.00001001
787679028,1754999103049,1754999103.1576731,1,118386.9,0.00001001
787679029,1754999104766,1754999104.8758733,1,118387,0.016889
787679030,1754999104767,1754999104.8783214,1,118387,0.08444
787679031,1754999104768,1754999104.878374,1,118387,0.08444
787679032,1754999104818,1754999104.9248126,1,118387,0.0135027
787679033,1754999104821,1754999104.9282346,1,118387,0.32
787679034,1754999104825,1754999104.9318464,1,118387,0.01332344
787679035,1754999104825,1754999104.9318967,1,118387,0.06352845
787679036,1754999104825,1754999104.9319236,1,118387,0.08377
787679037,1754999104825,1754999104.931947,1,118387,0.02119
787679038,1754999104827,1754999104.9343133,1,118387,0.01243235
787679039,1754999104827,1754999104.9343607,1,118387,0.01153187
787679040,1754999104833,1754999104.9396968,1,118387,0.15659256
787679041,1754999104833,1754999104.9401634,1,118387,0.00556
787679042,1754999104855,1754999104.962209,1,118387,0.01332344
787679043,1754999104877,1754999104.9913917,1,118387,0.1689306
787679044,1754999104882,1754999104.9914384,1,118387,0.00042256
787679045,1754999104889,1754999105.0004978,1,118387,0.01332344
787679046,1754999104925,1754999105.0418777,1,118387,0.01332344
787679047,1754999104926,1754999105.0419195,1,118387,0.0135027
787679048,1754999104954,1754999105.0610406,1,118387,0.0216104
787679049,1754999104955,1754999105.0623202,1,118387,0.01332344
787679050,1754999105010,1754999105.1174457,1,118387,0.00007264
787679051,1754999105015,1754999105.1223328,1,118387,0.0253
787679052,1754999105023,1754999105.1327648,1,118387,0.0366
787679053,1754999105461,1754999105.5688243,1,118387,0.00733999
787679054,1754999105755,1754999105.8689315,1,118387,0.04222
787679057,1754999105797,1754999105.9044375,1,118387,0.20468558
787679059,1754999105854,1754999105.9644578,1,118387,0.03178014
787679060,1754999105854,1754999105.9645214,1,118387.6,0.00169416
787679061,1754999105857,1754999105.9648614,1,118388,0.00032316
787679062,1754999105857,1754999105.9649165,1,118389,0.00001
787679063,1754999105857,1754999105.9649487,1,118391.2,0.00169416
787679064,1754999105857,1754999105.9649742,1,118392,0.00032316
787679065,1754999105857,1754999105.9649987,1,118392.7,0.00001
787679068,1754999105875,1754999106.0110881,1,118392.9,0.01039373
787679069,1754999105875,1754999106.0112174,1,118393,0.002
787679070,1754999105875,1754999106.0113096,1,118394,0.00007222
787679071,1754999105875,1754999106.011346,1,118394.1,0.003
787679072,1754999105875,1754999106.0113719,1,118394.8,0.00169416
787679074,1754999105875,1754999106.0113952,1,118396,0.01062316
787679075,1754999105875,1754999106.0114176,1,118396.2,0.00001
787679076,1754999105875,1754999106.0114396,1,118396.3,0.00001
787679077,1754999105878,1754999106.0114613,1,118396.5,0.00001001
787679303,1754999145324,1754999145436,112,118468.3,0.0000211
787679305,1754999146061,1754999146179,118,118468.3,0.00210205
787679306,1754999146081,1754999146192,111,118471.2,0.00078302
787679307,1754999146081,1754999146192,111,118473.4,0.00001
787679309,1754999148242,1754999148351,109,118473.9,0.0288
787679311,1754999148403,1754999148510,107,118474,0.00337416
787679312,1754999148435,1754999148543,108,118474.2,0.00080016
787679314,1754999148435,1754999148543,108,118474.2,0.00919984
787679315,1754999148435,1754999148543,108,118474.3,0.002
787679316,1754999148438,1754999148547,109,118476,0.00032316
787679317,1754999148438,1754999148547,109,118477.6,0.00169416
787679318,1754999148438,1754999148547,109,118477.9,0.00001
787679319,1754999148438,1754999148547,109,118479.5,0.000015
787679320,1754999148438,1754999148547,109,118479.9,0.00039331
787679322,1754999149250,1754999149359,109,118480,0.00051316
787679323,1754999151009,1754999151116,107,118479.9,0.00084403
787679324,1754999151609,1754999151724,115,118479.9,0.00005
787681224,1754999970046,1754999970159,113,118546.4,0.0002
787681225,1754999972756,1754999972869,113,118546.5,0.00011321
787681228,1754999973577,1754999973686,109,118546.4,0.06247263
787681229,1754999973581,1754999973690,109,118546,0.00169416
787681231,1754999973811,1754999973927,116,118544.1,0.00011745
787681232,1754999975151,1754999975273,122,118544,0.00032316
787681234,1754999975151,1754999975273,122,118543.8,0.00040296
787681235,1754999975151,1754999975273,122,118542.4,0.00169416
787681236,1754999975151,1754999975273,122,118542.2,0.00004639
787681238,1754999975153,1754999975273,120,118540,0.00058405
787681239,1754999975153,1754999975273,120,118539.5,0.00003161
787681240,1754999975153,1754999975273,120,118538.8,0.00169416
787681241,1754999975153,1754999975273,120,118537.8,0.00001
787681244,1754999975153,1754999975273,120,118536,0.00053438
787681245,1754999977824,1754999977943,119,118535.2,0.00042
787681246,1754999978257,1754999978370,113,118535.3,0.00020244
787681247,1754999979875,1754999979987,112,118535.3,0.0000309
787681248,1754999981367,1754999981479,112,118535.2,0.00004
787681250,1754999982798,1754999982912,114,118535.3,0.00842871
787681251,1754999986536,1754999986646,110,118535.2,0.00123416
787681252,1754999986541,1754999986651,110,118535.1,0.00039301
787681253,1754999986541,1754999986651,110,118534,0.0001003
787681254,1754999987031,1754999987143,112,118532,0.00032316
787681255,1754999987470,1754999987583,113,118531.8,0.00001
787681256,1754999987481,1754999987591,110,118531.6,0.00169416
787681257,1754999987623,1754999987740,117,118529.3,0.00181094
787681259,1754999988131,1754999988258,127,118528,0.00201732
787681260,1754999988131,1754999988258,127,118526.4,0.00039305
787681261,1754999988131,1754999988258,127,118525.8,0.00001
787681262,1754999988131,1754999988258,127,118525,0.00001
787681263,1754999988131,1754999988259,128,118524.4,0.00169416
787681264,1754999988131,1754999988259,128,118524,0.00032316
787681266,1754999990167,1754999990277,110,118523.6,0.00053142
787681267,1754999991128,1754999991246,118,118523.5,0.01527699
787681268,1754999991129,1754999991246,117,118523.1,0.02886258
787681269,1754999991129,1754999991246,117,118522.4,0.01507037
787681270,1754999991129,1754999991246,117,118521.3,0.00001
787681271,1754999991129,1754999991246,117,118521.2,0.02538498
787681272,1754999991130,1754999991246,116,118520.8,0.00169416
787681276,1754999991130,1754999991247,117,118520,0.00080652
787681278,1754999991130,1754999991248,118,118519.8,0.04916417
787681279,1754999991130,1754999991248,118,118519.8,0.00147136
787681280,1754999991182,1754999991299,117,118518.5,0.007
787681281,1754999991191,1754999991300,109,118517.7,0.0003931
787681283,1754999991521,1754999991650,129,118517.5,0.01
787681284,1754999991521,1754999991651,130,118517.4,0.002
787681285,1754999991521,1754999991651,130,118517.2,0.00169416
787681286,1754999991521,1754999991651,130,118516,0.00032316
787681287,1754999991521,1754999991651,130,118514,0.0103
787681288,1754999991521,1754999991651,130,118513.9,0.00001
787681289,1754999991521,1754999991651,130,118513.6,0.00169416
787681291,1754999991521,1754999991651,130,118512,0.01062316
787681292,1754999991521,1754999991651,130,118510.3,0.00001
787681293,1754999991521,1754999991651,130,118510,0.00169416
787681295,1754999991521,1754999991651,130,118509,0.00043954
787681296,1754999991521,1754999991651,130,118508.7,0.02933258
787681298,1754999991521,1754999991651,130,118508,0.00042346
787681299,1754999991521,1754999991651,130,118506.6,0.00001
787681300,1754999991521,1754999991651,130,118506.4,0.00169416
787681301,1754999991521,1754999991651,130,118506.1,0.00759373
787681302,1754999991521,1754999991651,130,118505.2,0.00001
787681303,1754999991521,1754999991651,130,118505.1,0.01726598
787681304,1754999991521,1754999991651,130,118505,0.01432711
787681305,1754999991521,1754999991651,130,118504.8,0.01881233
787681306,1754999992104,1754999992216,112,118504.9,0.00053
787681307,1754999992224,1754999992342,118,118504.8,0.00326545
787681308,1754999994075,1754999994204,129,118504.9,0.00042192
787681309,1754999994617,1754999994735,118,118504.9,0.103686
787681310,1754999996307,1754999996422,115,118504.8,0.00012641
787681311,1754999999947,1755000000057,110,118504.9,0.001686
787681312,1755000000180,1755000000295,115,118504.8,0.00140115
787681313,1755000000192,1755000000301,109,118504.8,0.00141381
787681314,1755000000311,1755000000423,112,118504.9,0.000175
787681315,1755000000569,1755000000686,117,118504.9,0.00001687
787681316,1755000000596,1755000000706,110,118504.9,0.00001687
787681317,1755000000596,1755000000706,110,118504.9,0.00001687
787681318,1755000000596,1755000000706,110,118504.9,0.00042192
787681319,1755000001266,1755000001375,109,118504.9,0.00002222
787681320,1755000001369,1755000001481,112,118504.9,0.00002531
787681323,1755000001399,1755000001517,118,118504.8,0.00866723
787681326,1755000001399,1755000001517,118,118504,0.02224268
787681327,1755000001399,1755000001517,118,118503.5,0.00003161
787681328,1755000001399,1755000001517,118,118502.9,0.00001
787681329,1755000001399,1755000001517,118,118502.8,0.00169416
787681330,1755000001399,1755000001517,118,118502.2,0.02933419
787681331,1755000001399,1755000001517,118,118502,0.0103
787681332,1755000001399,1755000001518,119,118501.5,0.01137121
787681333,1755000001399,1755000001518,119,118501.2,0.00004219
787681334,1755000001399,1755000001521,122,118500.5,0.13021074
787681335,1755000001399,1755000001521,122,118500.3,0.00039318
787681338,1755000001399,1755000001521,122,118500,0.01088405
787681339,1755000001399,1755000001521,122,118499.5,0.01258229
787681342,1755000001399,1755000001521,122,118499.2,0.00171416
787681344,1755000001399,1755000001521,122,118498.8,0.01
787681345,1755000001399,1755000001521,122,118498.7,0.002
787681346,1755000001399,1755000001521,122,118498.5,0.00003669
787681347,1755000001399,1755000001521,122,118497.7,0.007
787681348,1755000001399,1755000001526,127,118497.4,0.0075863
787681349,1755000001399,1755000001526,127,118496.4,0.0498118
787681350,1755000001399,1755000001526,127,118496,0.00032316
787681352,1755000001399,1755000001526,127,118495.6,0.00170416
787681353,1755000001399,1755000001526,127,118495,0.00447276
787681354,1755000001403,1755000001526,123,118493.2,0.00001
787681355,1755000001863,1755000001982,119,118493,0.00001001
787681356,1755000001869,1755000001983,114,118493,0.00001001
787681357,1755000002104,1755000002215,111,118493.1,0.00001687
787681358,1755000002105,1755000002215,110,118493.1,0.00001687
787681359,1755000002195,1755000002308,113,118493.1,0.00004219
787681360,1755000002502,1755000002620,118,118493,0.00201192
787681364,1755000002581,1755000002692,111,118493.1,0.00626109
787681365,1755000002941,1755000003050,109,118499.2,0.00169416
787681366,1755000002968,1755000003078,110,118500,0.00012658
787681367,1755000002995,1755000003105,110,118500,0.00004219
787681368,1755000002995,1755000003105,110,118500,0.00001687
787681369,1755000003011,1755000003120,109,118500,0.00013752
787681370,1755000003011,1755000003121,110,118500.3,0.00078287
787681371,1755000003011,1755000003121,110,118500.8,0.01271983
787681372,1755000003068,1755000003178,110,118502.8,0.00001687
787681374,1755000003481,1755000003593,112,118502.8,0.00335729
787681375,1755000003668,1755000003781,113,118503.1,0.00001687
787681376,1755000003705,1755000003820,115,118503.1,0.00001687
787681377,1755000003705,1755000003820,115,118503.1,0.00021096
787681378,1755000003705,1755000003820,115,118503.1,0.00004219
787681379,1755000003795,1755000003905,110,118503.1,0.00008438
787681380,1755000003796,1755000003905,109,118503.1,0.00016877
787681381,1755000003796,1755000003906,110,118503.1,0.00005063
787681382,1755000003796,1755000003906,110,118503.1,0.00001687
787681383,1755000003968,1755000004081,113,118503.1,0.00001687
787681384,1755000004069,1755000004186,117,118503.1,0.00010885
787681385,1755000004505,1755000004621,116,118503.1,0.00004219
787681386,1755000004569,1755000004686,117,118503.1,0.00001687
787681387,1755000004569,1755000004686,117,118503.1,0.00001687
787681388,1755000004691,1755000004804,113,118503.1,0.00168
787681389,1755000004691,1755000004804,113,118504,0.0001
787681390,1755000004693,1755000004804,111,118504,0.00022316
787681391,1755000004693,1755000004804,111,118504.9,0.0003
787681392,1755000004693,1755000004804,111,118505.4,0.00759538
787681393,1755000004693,1755000004804,111,118505.6,0.00759409
787681394,1755000004693,1755000004804,111,118506.4,0.00169416
787681395,1755000004696,1755000004806,110,118506.5,0.00001
787681396,1755000004696,1755000004806,110,118508,0.00032316
787681397,1755000004696,1755000004806,110,118509,0.00039316
787681399,1755000004696,1755000004806,110,118510,0.00170416
787681400,1755000004696,1755000004806,110,118510.2,0.00001
787681401,1755000004696,1755000004806,110,118512,0.00032316
787681402,1755000004801,1755000004913,112,118513.6,0.00169416
787681403,1755000005304,1755000005439,135,118516,0.00005906
787681404,1755000005368,1755000005482,114,118516,0.00001687
787681405,1755000005368,1755000005482,114,118516,0.0000675
787681406,1755000005769,1755000005884,115,118516,0.00001687
787681409,1755000005929,1755000006038,109,118516,0.00040008
787681410,1755000006104,1755000006217,113,118516,0.00001687
787681412,1755000006166,1755000006278,112,118516,0.0135027
787681413,1755000006168,1755000006282,114,118516,0.00003375
787681414,1755000006171,1755000006282,111,118515.9,0.00017
787681415,1755000006178,1755000006287,109,118516,0.11615716
787681416,1755000006178,1755000006287,109,118517.2,0.00169416
787681417,1755000006180,1755000006289,109,118517.7,0.0009
787681419,1755000006180,1755000006290,110,118517.7,0.0019243
787681420,1755000006196,1755000006305,109,118518.9,0.00001687
787681421,1755000006204,1755000006314,110,118518.9,0.00004218
787681422,1755000006208,1755000006319,111,118518.9,0.00294095
787681425,1755000006208,1755000006319,111,118520,0.00078527
787681426,1755000006208,1755000006319,111,118520.8,0.00169416
787681427,1755000006210,1755000006329,119,118521.2,0.00001
787681428,1755000006210,1755000006329,119,118522,0.00001
787681429,1755000006210,1755000006329,119,118524,0.00032316
787681430,1755000006210,1755000006329,119,118524.4,0.00169416
787681431,1755000006210,1755000006329,119,118524.9,0.00001
787681432,1755000006213,1755000006329,116,118526.7,0.000015
787681433,1755000006213,1755000006330,117,118526.8,0.002
787681435,1755000006213,1755000006330,117,118526.9,0.00606732
787681436,1755000006221,1755000006330,109,118526.9,0.00393268
787681437,1755000006240,1755000006350,110,118528,0.00001687
787681438,1755000006640,1755000006756,116,118528,0.00002531
787681439,1755000006795,1755000006911,116,118528,0.00001687
787681440,1755000006905,1755000007017,112,118528,0.00001687
787681441,1755000006995,1755000007109,114,118528,0.00004218
787681442,1755000006995,1755000007109,114,118528,0.00004218
787681443,1755000007241,1755000007356,115,118528,0.00008436
787681445,1755000007605,1755000007716,111,118528,0.00008436
787681446,1755000007704,1755000007818,114,118528,0.00004218
787681447,1755000007704,1755000007818,114,118528,0.00002531
787681448,1755000007796,1755000007910,114,118528,0.00001687
787681449,1755000008469,1755000008581,112,118528,0.00004218
787681450,1755000008504,1755000008615,111,118528,0.00001687
787681451,1755000008569,1755000008682,113,118528,0.00001687
787681452,1755000008596,1755000008707,111,118528,0.00001687
787681453,1755000008668,1755000008778,110,118528,0.00003374
787681454,1755000008695,1755000008806,111,118528,0.00008436
787681455,1755000008805,1755000008918,113,118528,0.00001687
787681456,1755000008869,1755000008981,112,118528,0.00012655
787681457,1755000009068,1755000009184,116,118528,0.00002952
787681458,1755000009205,1755000009318,113,118528,0.00001687
787681459,1755000009305,1755000009416,111,118528,0.00001687
787681460,1755000009341,1755000009454,113,118528,0.00001687
787681461,1755000009368,1755000009481,113,118528,0.00001687
787681462,1755000009395,1755000009505,110,118528,0.00002531
787681463,1755000009395,1755000009505,110,118528,0.00008436
787681464,1755000009504,1755000009613,109,118528,0.00008436
787681465,1755000009604,1755000009714,110,118528,0.00004218
787681466,1755000009668,1755000009777,109,118528,0.00001687
787681467,1755000010068,1755000010181,113,118528,0.00005905
787681468,1755000010104,1755000010217,113,118528,0.00004218
787681469,1755000010168,1755000010281,113,118528,0.00004218
787681470,1755000010205,1755000010315,110,118528,0.00001687
787681471,1755000010240,1755000010353,113,118528,0.00001687
787681472,1755000010240,1755000010353,113,118528,0.00012655
787681473,1755000010295,1755000010405,110,118528,0.00001687
787681474,1755000010440,1755000010552,112,118528,0.00001687
787681475,1755000010496,1755000010606,110,118528,0.00001687
787681476,1755000010505,1755000010615,110,118528,0.0000329
787681477,1755000010604,1755000010714,110,118528,0.00016873
787681478,1755000010768,1755000010879,111,118528,0.00006918
787681479,1755000010969,1755000011079,110,118528,0.0000464
787681480,1755000010996,1755000011105,109,118528,0.00008436
787681481,1755000011005,1755000011114,109,118528,0.00008436
787681482,1755000011241,1755000011352,111,118528,0.00003205
787681485,1755000011441,1755000011553,112,118528,0.00008436
787681486,1755000011540,1755000011653,113,118528,0.00001687
787681487,1755000011640,1755000011753,113,118528,0.00001687
787681488,1755000011704,1755000011814,110,118528,0.00016873
787681489,1755000011704,1755000011814,110,118528,0.00001687
787681490,1755000011796,1755000011905,109,118528,0.00004218
787681491,1755000011868,1755000011988,120,118528,0.00001687
787681492,1755000011904,1755000012013,109,118528,0.00008436
787681493,1755000012304,1755000012423,119,118528,0.00001771
787681494,1755000012341,1755000012454,113,118528,0.00001687
787681495,1755000012404,1755000012517,113,118528,0.00008436
787681496,1755000012505,1755000012614,109,118528,0.00009871
787681497,1755000012540,1755000012650,110,118528,0.00001687
787681498,1755000012596,1755000012706,110,118528,0.00001687
787681499,1755000012596,1755000012706,110,118528,0.00012655
787681501,1755000012641,1755000012753,112,118528,0.00182997
787681504,1755000012651,1755000012760,109,118528.7,0.00003411
787681505,1755000012704,1755000012818,114,118529,0.00008436
787681507,1755000012730,1755000012840,110,118528.9,0.00110817
787681508,1755000012732,1755000012841,109,118528.9,0.00208592
787681509,1755000012941,1755000013054,113,118529,0.00004218
787681510,1755000013008,1755000013118,110,118529,0.00169424
787681511,1755000013060,1755000013173,113,118529,0.0016959
787681513,1755000013081,1755000013191,110,118530.8,0.00469417
787681514,1755000013368,1755000013478,110,118530.8,0.00001687
787681515,1755000013396,1755000013506,110,118530.8,0.00001687
787681516,1755000013604,1755000013717,113,118530.8,0.00001687
787681517,1755000013941,1755000014064,123,118530.8,0.00001687
787681518,1755000013970,1755000014079,109,118530.8,0.00016873
787681519,1755000014004,1755000014115,111,118530.8,0.00008436
787681520,1755000014105,1755000014219,114,118530.8,0.0000253
787681521,1755000014140,1755000014253,113,118530.8,0.00004218
787681522,1755000014169,1755000014278,109,118530.8,0.00839884
787681523,1755000014181,1755000014292,111,118531.6,0.00169416
787681524,1755000014181,1755000014292,111,118532,0.00032316
787681525,1755000014181,1755000014292,111,118532.3,0.00039319
787681526,1755000014241,1755000014354,113,118534,0.00004218
787681527,1755000014469,1755000014584,115,118534,0.00004218
787681529,1755000014696,1755000014815,119,118534,0.0000253
787681531,1755000014741,1755000014854,113,118534,0.00016872
787681532,1755000014995,1755000015108,113,118534,0.00001687
787681533,1755000015004,1755000015115,111,118534,0.00004218
787681534,1755000015268,1755000015390,122,118534,0.00423692
787681535,1755000015341,1755000015453,112,118534,0.00012654
787681536,1755000015436,1755000015556,120,118535.2,0.00169416
787681537,1755000015436,1755000015556,120,118535.3,0.00004218
787681538,1755000015436,1755000015556,120,118535.9,0.00001
787681540,1755000015436,1755000015556,120,118536,0.00052438
787681542,1755000015441,1755000015556,115,118538.8,0.00276922
787681543,1755000015442,1755000015556,114,118538.8,0.01113196
787681544,1755000015541,1755000015651,110,118538.8,0.00001687
787681545,1755000015568,1755000015689,121,118538.8,0.00001687
787681546,1755000015740,1755000015850,110,118538.8,0.00002109
787681547,1755000015768,1755000015882,114,118538.8,0.00001687
787681548,1755000015786,1755000015895,109,118538.8,0.00136608
787681549,1755000015790,1755000015907,117,118538.8,0.00137199
787681550,1755000015806,1755000015916,110,118538.8,0.00001687
787681551,1755000015810,1755000015922,112,118539.5,0.00003161
787681554,1755000015812,1755000015922,110,118540,0.00059405
787681555,1755000015812,1755000015922,110,118540.3,0.0000464
787681556,1755000015812,1755000015922,110,118541,0.00039299
787681557,1755000015812,1755000015922,110,118542.4,0.00169416
787681558,1755000015841,1755000015956,115,118543.6,0.00843571
787681559,1755000015904,1755000016017,113,118543.6,0.00001687
787681560,1755000015921,1755000016030,109,118544,0.00032316
787681561,1755000015940,1755000016050,110,118544.7,0.00042178
787681562,1755000016040,1755000016154,114,118544.7,0.00004977
787681563,1755000016110,1755000016219,109,118544.7,0.00171795
787681564,1755000016140,1755000016253,113,118544.7,0.00004217
787681565,1755000016140,1755000016253,113,118544.7,0.00001687
787681566,1755000016204,1755000016314,110,118544.7,0.0000253
787681567,1755000016346,1755000016456,110,118544.6,0.0023
787681568,1755000016368,1755000016478,110,118544.7,0.00001897
787681569,1755000016495,1755000016605,110,118544.7,0.00001687
787681570,1755000016568,1755000016682,114,118544.7,0.00001687
787681571,1755000016568,1755000016682,114,118544.7,0.00001687
787681572,1755000016596,1755000016706,110,118544.7,0.00001687
787681573,1755000016596,1755000016706,110,118544.7,0.00001687
787681574,1755000016606,1755000016719,113,118544.7,0.00004217
787681575,1755000016641,1755000016751,110,118544.7,0.00003374
787681576,1755000016641,1755000016751,110,118544.7,0.00084356
787681577,1755000016668,1755000016778,110,118544.7,0.00042178
787681578,1755000016695,1755000016805,110,118544.7,0.00008435
787681580,1755000016749,1755000016861,112,118544.7,0.00619724
787681581,1755000016749,1755000016861,112,118544.8,0.002
787681583,1755000016752,1755000016861,109,118546,0.00170416
787681584,1755000016868,1755000016978,110,118546.5,0.00042177
787681585,1755000016871,1755000016981,110,118546.5,0.00404987
787681586,1755000016871,1755000016981,110,118548,0.00032316
787681587,1755000016871,1755000016981,110,118549.6,0.00169416
787681588,1755000016871,1755000016981,110,118549.7,0.00039295
787681589,1755000016871,1755000016981,110,118551.8,0.00001137
787681592,1755000016871,1755000016981,110,118552,0.00053438
787681593,1755000016871,1755000016997,126,118552.2,0.00758226
787681594,1755000016871,1755000016997,126,118553.2,0.00169416
787681595,1755000016871,1755000016997,126,118554.1,0.00758226
787681596,1755000016871,1755000016997,126,118554.3,0.00001
787681597,1755000016871,1755000016997,126,118556,0.00032316
787681598,1755000016871,1755000016997,126,118556.8,0.00169416
787681599,1755000016871,1755000016997,126,118557.9,0.00001
787681600,1755000016871,1755000016997,126,118558,0.00001
787681601,1755000016871,1755000016997,126,118558.1,0.00004218
787681602,1755000016949,1755000017059,110,118559.7,0.001
787681603,1755000016969,1755000017079,110,118559.8,0.00001686
787681604,1755000017240,1755000017353,113,118559.8,0.00001939
787681605,1755000017268,1755000017377,109,118559.8,0.00004217
787681606,1755000017305,1755000017418,113,118559.8,0.00001686
787681607,1755000017368,1755000017478,110,118559.8,0.0000253
787681608,1755000017396,1755000017507,111,118559.8,0.00008434
787681609,1755000017404,1755000017513,109,118559.8,0.00012651
787681618,1755000017414,1755000017528,114,118559.7,0.47779069
787681619,1755000017414,1755000017528,114,118559,0.003
787681620,1755000017414,1755000017528,114,118558.8,0.02445224
787681621,1755000017418,1755000017528,110,118557.3,0.01136544
787681622,1755000017422,1755000017533,111,118556.3,0.04008844
787681623,1755000017431,1755000017540,109,118553.2,0.00169416
787681624,1755000017441,1755000017554,113,118552,0.00032316
787681625,1755000017451,1755000017561,110,118549.7,0.00078265
787681626,1755000017451,1755000017561,110,118549.6,0.00169416
787681627,1755000017451,1755000017561,110,118548,0.00032316
787681629,1755000017556,1755000017669,113,118546.7,0.00008435
787681630,1755000017704,1755000017813,109,118546.7,0.00025306
787681631,1755000018104,1755000018214,110,118546.7,0.00001687
787681632,1755000018168,1755000018278,110,118546.7,0.0000253
787681633,1755000018196,1755000018306,110,118546.7,0.00004217
787681634,1755000018196,1755000018309,113,118546.7,0.00003374
787681635,1755000018840,1755000018954,114,118546.7,0.00008435
787681636,1755000018840,1755000018954,114,118546.7,0.00004217
787681637,1755000018942,1755000019052,110,118546.7,0.0000253
787681638,1755000018995,1755000019105,110,118546.7,0.00003374
787681639,1755000018995,1755000019105,110,118546.7,0.00004217
787681640,1755000019069,1755000019180,111,118546.7,0.00008435
787681641,1755000019169,1755000019282,113,118546.7,0.00084354
787681642,1755000019583,1755000019696,113,118546.7,0.00248425
787681643,1755000019704,1755000019817,113,118546.7,0.00001687
787681644,1755000019741,1755000019851,110,118546.7,0.00042177
787681645,1755000019795,1755000019917,122,118546.7,0.00008435
787681646,1755000019796,1755000019918,122,118546.7,0.00008435
787681647,1755000019940,1755000020053,113,118546.7,0.0001687
787681648,1755000020004,1755000020117,113,118546.7,0.0001687
787681649,1755000020141,1755000020250,109,118546.7,0.00002446
787681650,1755000020240,1755000020364,124,118546.7,0.00004217
787681651,1755000020240,1755000020364,124,118546.7,0.00021088
787681652,1755000020268,1755000020391,123,118546.7,0.00001687
787681653,1755000020341,1755000020456,115,118546.7,0.0001687
787681654,1755000020377,1755000020490,113,118546.6,0.00067062
787681655,1755000020505,1755000020629,124,118546.7,0.0001687
787681656,1755000021140,1755000021258,118,118546.7,0.00001687
787681657,1755000021140,1755000021258,118,118546.7,0.00011219
787681658,1755000021341,1755000021561,220,118546.7,0.00001687
787681659,1755000021368,1755000021561,193,118546.7,0.00001687
787681660,1755000021695,1755000021810,115,118546.7,0.00011809
787681661,1755000021741,1755000021850,109,118546.7,0.0000253
787681662,1755000021841,1755000021957,116,118546.7,0.0001687
787681664,1755000021868,1755000021978,110,118546.7,0.00071532
787681665,1755000021996,1755000022113,117,118546.7,0.00021088
787681666,1755000022105,1755000022219,114,118546.7,0.00042177
787681667,1755000022105,1755000022219,114,118546.7,0.00004217
787681668,1755000022168,1755000022282,114,118546.7,0.00001687
787681669,1755000022197,1755000022306,109,118546.7,0.00012653
787681670,1755000022197,1755000022306,109,118546.7,0.00008435
787681671,1755000022346,1755000022456,110,118546.7,0.0004608
787681679,1755000022787,1755000022900,113,118546.6,0.23630596
787681680,1755000022787,1755000022901,114,118546.4,0.003
787681681,1755000022787,1755000022901,114,118546,0.00169416
787681682,1755000022787,1755000022901,114,118545.8,0.00004217
787681683,1755000022788,1755000022907,119,118545.4,0.0075911
787681684,1755000022788,1755000022907,119,118545.1,0.0283736
787681685,1755000022788,1755000022907,119,118544,0.00032316
787681686,1755000022788,1755000022907,119,118543,0.0283741
787681687,1755000022788,1755000022907,119,118542.4,0.00169416
787681688,1755000022788,1755000022907,119,118541,0.00039297
787681689,1755000022788,1755000022907,119,118540.7,0.02518636
787681690,1755000022788,1755000022907,119,118540.5,0.02031171
787681691,1755000022788,1755000022907,119,118540,0.00032316
787681692,1755000022788,1755000022907,119,118539.7,0.00001
787681693,1755000022803,1755000022914,111,118538.8,0.00169416
787681696,1755000022803,1755000022914,111,118536,0.00053438
787681698,1755000022803,1755000022914,111,118535.2,0.00170416
787681699,1755000022840,1755000022961,121,118532.8,0.00008436
787681700,1755000022968,1755000023078,110,118532.8,0.0000253
787681701,1755000022996,1755000023105,109,118532.8,0.00084364
787681702,1755000023041,1755000023151,110,118532.8,0.00002952
787681703,1755000023258,1755000023367,109,118532.8,0.00003037
787681704,1755000023295,1755000023408,113,118532.8,0.00021091
787681705,1755000023340,1755000023453,113,118532.8,0.00001687
787681706,1755000023440,1755000023553,113,118532.8,0.00042182
787681707,1755000023570,1755000023680,110,118532.8,0.00084364
787681708,1755000023595,1755000023705,110,118532.8,0.00008436
787681709,1755000023841,1755000023950,109,118532.8,0.00025309
787681710,1755000023905,1755000024016,111,118532.8,0.00001687
787681712,1755000024079,1755000024189,110,118532.7,0.01
787681713,1755000024079,1755000024189,110,118532.6,0.002
787681714,1755000024079,1755000024190,111,118532.3,0.00039302
787681715,1755000024081,1755000024191,110,118532,0.00032316
787681716,1755000024081,1755000024191,110,118531.6,0.00169416
787681717,1755000024082,1755000024191,109,118530.8,0.00006
787681718,1755000024101,1755000024211,110,118529.2,0.00001
787681720,1755000024101,1755000024211,110,118528,0.00201732
787681721,1755000024101,1755000024211,110,118527.7,0.00203733
787681722,1755000024105,1755000024218,113,118527.8,0.00001687
787681723,1755000024121,1755000024235,114,118525,0.00001
787681724,1755000024121,1755000024235,114,118524.4,0.00169416
787681725,1755000024121,1755000024235,114,118524,0.00032316
787681726,1755000024121,1755000024235,114,118523.6,0.00039306
787681727,1755000024121,1755000024236,115,118523.2,0.00001
787681728,1755000024140,1755000024252,112,118522.4,0.00001687
787681729,1755000024140,1755000024252,112,118522.4,0.00001687
787681730,1755000024141,1755000024252,111,118522.3,0.003
787681731,1755000024141,1755000024252,111,118520.8,0.00169416
787681733,1755000024295,1755000024405,110,118520.1,0.00002531
787681734,1755000024504,1755000024613,109,118520.1,0.0000329
787681735,1755000024504,1755000024614,110,118520.1,0.00027843
787681736,1755000024569,1755000024681,112,118520.1,0.00008437
787681737,1755000024569,1755000024681,112,118520.1,0.00001687
787681738,1755000024595,1755000024706,111,118520.1,0.00001687
787681739,1755000024595,1755000024706,111,118520.1,0.00002953
787681740,1755000024595,1755000024706,111,118520.1,0.00003374
787681741,1755000024840,1755000024954,114,118520.1,0.00001687
787681742,1755000025104,1755000025217,113,118520.1,0.00004218
787681743,1755000025161,1755000025274,113,118520.1,0.00168579
787681744,1755000025163,1755000025277,114,118520.1,0.00011176
787681745,1755000025441,1755000025551,110,118520.1,0.00008184
787681746,1755000025741,1755000025853,112,118520.1,0.00012656
787681747,1755000026096,1755000026208,112,118520.1,0.00002109
787681748,1755000026169,1755000026279,110,118520.1,0.00001687
787681749,1755000026169,1755000026279,110,118520.1,0.00008437
787681750,1755000026170,1755000026279,109,118520.1,0.00001687
787681751,1755000026195,1755000026305,110,118520.1,0.00003374
787681752,1755000026469,1755000026582,113,118520.1,0.00002109
787681754,1755000026504,1755000026616,112,118520.1,0.00025312
787681755,1755000026568,1755000026678,110,118520.1,0.00004218
787681756,1755000026795,1755000026907,112,118520.1,0.00004218
787681757,1755000026896,1755000027010,114,118520.1,0.00004218
787681758,1755000026968,1755000027082,114,118520.1,0.00004218
787681759,1755000026995,1755000027106,111,118520.1,0.00025312
787681760,1755000026995,1755000027106,111,118520.1,0.00001687
787681761,1755000026996,1755000027106,110,118520.1,0.00001687
787681762,1755000026996,1755000027106,110,118520.1,0.00011812
787681763,1755000027141,1755000027254,113,118520.1,0.00003374
787681764,1755000027268,1755000027379,111,118520.1,0.00010124
787681765,1755000027340,1755000027457,117,118520.1,0.00001687
787681766,1755000027369,1755000027478,109,118520.1,0.00025312
787681767,1755000027741,1755000027851,110,118520.1,0.00001687
787681768,1755000027795,1755000027905,110,118520.1,0.00001687
787681770,1755000027806,1755000027915,109,118520.1,0.00098637
787681771,1755000027868,1755000027980,112,118520.1,0.00004218
787681772,1755000028069,1755000028178,109,118520.1,0.00004218
787681773,1755000028440,1755000028550,110,118520.1,0.00001687
787681774,1755000028506,1755000028615,109,118520.1,0.00042186
787681775,1755000028569,1755000028679,110,118520.1,0.00001687
787681776,1755000028604,1755000028714,110,118520.1,0.00001687
787681777,1755000028640,1755000028750,110,118520.1,0.00002404
787681778,1755000028904,1755000029018,114,118520.1,0.00004218
787681779,1755000028960,1755000029072,112,118520,0.00003
787681780,1755000029140,1755000029255,115,118520.1,0.00001687
787681781,1755000029368,1755000029481,113,118520.1,0.00001687
787681782,1755000029369,1755000029481,112,118520.1,0.00005062
787681783,1755000029404,1755000029514,110,118520.1,0.00001687
787681784,1755000029476,1755000029586,110,118520,0.00014301
787681785,1755000029969,1755000030078,109,118520.1,0.00012656
787681786,1755000030096,1755000030208,112,118520.1,0.00002784
787681787,1755000030241,1755000030360,119,118520.1,0.00001687
787681788,1755000030441,1755000030554,113,118520.1,0.00001687
787681789,1755000030481,1755000030590,109,118520.1,0.00008
787681793,1755000030571,1755000030684,113,118520,0.00229973
787681794,1755000031060,1755000031173,113,118519.8,0.0022671
787681796,1755000031441,1755000031550,109,118519.9,0.00003374
787681797,1755000031569,1755000031679,110,118519.9,0.00002784
787681798,1755000031668,1755000031782,114,118519.9,0.00042187
787681799,1755000031941,1755000032053,112,118519.9,0.00004218
787681800,1755000032068,1755000032178,110,118519.9,0.00042187
787681801,1755000032148,1755000032259,111,118519.9,0.00056193
787681802,1755000032163,1755000032275,112,118519.9,0.00007931
787681803,1755000032269,1755000032382,113,118519.9,0.00001687
787681804,1755000032305,1755000032415,110,118519.9,0.00084374
787681805,1755000032669,1755000032780,111,118519.9,0.00008437
787681806,1755000032696,1755000032806,110,118519.9,0.00033749
787681807,1755000032869,1755000032981,112,118519.9,0.00001687
787681808,1755000032904,1755000033014,110,118519.9,0.00001687
787681809,1755000032995,1755000033108,113,118519.9,0.00002109
787681810,1755000033506,1755000033616,110,118519.9,0.00008437
787681811,1755000033760,1755000033870,110,118519.8,0.00041567
787681812,1755000034361,1755000034474,113,118519.8,0.0032412
787681813,1755000034368,1755000034486,118,118519.8,0.04407603
787681814,1755000034368,1755000034486,118,118518.6,0.0000464
787681815,1755000034368,1755000034486,118,118517.6,0.00001
787681816,1755000034368,1755000034486,118,118517.3,0.00759365
787681817,1755000034368,1755000034486,118,118517.2,0.00169416
787681818,1755000034370,1755000034486,116,118516,0.00032316
787681819,1755000034371,1755000034486,115,118514.9,0.00039311
787681820,1755000034540,1755000034653,113,118514.1,0.00001687
787681822,1755000034904,1755000035014,110,118514,0.007027
787681823,1755000035005,1755000035147,142,118514.1,0.00001687
787681824,1755000036786,1755000036896,110,118514.1,0.000083
787681825,1755000037341,1755000037454,113,118514.1,0.00001687
787681827,1755000037347,1755000037559,212,118514.1,0.01199894
787681828,1755000038347,1755000038459,112,118514.1,0.00234586
787681829,1755000038790,1755000038917,127,118514.1,0.000081
787681831,1755000039067,1755000039182,115,118514,0.0010667
787681832,1755000039348,1755000039471,123,118514.1,0.0025079
787681833,1755000039797,1755000039907,110,118514.1,0.000081
787681834,1755000040347,1755000040461,114,118514.1,0.00186531
787681835,1755000040653,1755000040762,109,118514,0.00103402
787681836,1755000041375,1755000041488,113,118514,0.00017341
787681837,1755000041784,1755000041896,112,118514.1,0.000157
787681838,1755000043153,1755000043268,115,118514.1,0.00017
787681839,1755000043920,1755000044035,115,118514.1,0.00120196
787681840,1755000044235,1755000044346,111,118514,0.00112831
787681843,1755000044265,1755000044379,114,118514.1,0.09663513
787681844,1755000044288,1755000044401,113,118514.1,0.0135027
787681846,1755000044296,1755000044405,109,118514.1,0.02448737
787681847,1755000044296,1755000044405,109,118514.9,0.0007828
787681849,1755000044302,1755000044412,110,118520,0.00532316
787681850,1755000044311,1755000044421,110,118520.8,0.00169416
787681851,1755000044311,1755000044421,110,118524,0.00032316
787681852,1755000047348,1755000047458,110,118524.4,0.00037149
787681854,1755000047720,1755000047833,113,118524.3,0.00041534
787681855,1755000049754,1755000049866,112,118524.3,0.00003
787681860,1755000050631,1755000050741,110,118524.4,0.02753234
787681861,1755000050631,1755000050741,110,118526.7,0.00001
787681863,1755000050631,1755000050741,110,118528,0.00201732
787681864,1755000050631,1755000050741,110,118528.5,0.00001
787681865,1755000050954,1755000051063,109,118531.6,0.00169416
787681866,1755000050954,1755000051063,109,118532,0.00032316
787681867,1755000050956,1755000051067,111,118532.2,0.00001
787681868,1755000050956,1755000051067,111,118532.7,0.00001
787681870,1755000050960,1755000051069,109,118532.8,0.01138536
787681871,1755000050971,1755000051084,113,118533.1,0.00039303
787681873,1755000050973,1755000051084,111,118535.2,0.0020872
787681874,1755000051101,1755000051217,116,118535.5,0.003
787681876,1755000051101,1755000051217,116,118536,0.00052438
787681877,1755000051101,1755000051217,116,118536.2,0.00005123
787681878,1755000051101,1755000051217,116,118537.8,0.00001137
787681879,1755000051101,1755000051217,116,118537.9,0.00001137
787681880,1755000051951,1755000052062,111,118538.7,0.00001
787681881,1755000051951,1755000052062,111,118538.8,0.00169416
787681883,1755000051951,1755000052062,111,118540,0.00058405
787681884,1755000051951,1755000052062,111,118541.8,0.00039299
787681885,1755000051951,1755000052062,111,118542,0.002
787681887,1755000052061,1755000052171,110,118542.1,0.01
787681888,1755000052061,1755000052171,110,118542.4,0.00169416
787681889,1755000055347,1755000055460,113,118542.9,0.00212415
787681890,1755000055835,1755000055945,110,118542.9,0.09538155
787681891,1755000055874,1755000055987,113,118542.9,0.03287615
787681892,1755000055874,1755000055987,113,118544,0.00032316
787681893,1755000055874,1755000055987,113,118544.7,0.00001
787681894,1755000055877,1755000055989,112,118546,0.00169416
787681895,1755000055877,1755000055989,112,118546.9,0.00001
787681896,1755000055877,1755000055990,113,118548,0.00032316
787681897,1755000055911,1755000056021,110,118549.6,0.00169416
787681898,1755000055911,1755000056021,110,118550,0.0000464
787681899,1755000055911,1755000056021,110,118550.5,0.00039295
787681900,1755000055911,1755000056021,110,118550.7,0.00001
787681901,1755000056125,1755000056235,110,118551.4,0.00146169
787681902,1755000056347,1755000056466,119,118551.4,0.00033889
787681903,1755000056522,1755000056632,110,118551.4,0.00743559
787681904,1755000057347,1755000057457,110,118551.4,0.00263866
787681905,1755000058347,1755000058488,141,118551.4,0.01039381
787681906,1755000059348,1755000059466,118,118551.4,0.00260968
787681908,1755000059424,1755000059537,113,118551.3,0.00016877
787681910,1755000059643,1755000059754,111,118551.3,0.00178741
787681911,1755000059643,1755000059754,111,118550.5,0.00078265
787681912,1755000059793,1755000059909,116,118549.5,0.003
787681913,1755000059793,1755000059909,116,118546,0.00169416
787681915,1755000059793,1755000059909,116,118544,0.01062316
787681916,1755000059793,1755000059909,116,118543.3,0.00001
787681918,1755000059793,1755000059909,116,118542.4,0.01626957
787681919,1755000059793,1755000059909,116,118542,0.0103
787681920,1755000059793,1755000059909,116,118541.8,0.00039296
787681921,1755000060347,1755000060460,113,118540.4,0.00247479
787681922,1755000060762,1755000060873,111,118540.4,0.00004217
787681923,1755000061347,1755000061461,114,118540.4,0.0021795
787681924,1755000064162,1755000064273,111,118540.4,0.03539552
787681926,1755000064487,1755000064603,116,118540.3,0.01168718
787681927,1755000064487,1755000064603,116,118540.1,0.003
787681928,1755000064487,1755000064603,116,118540,0.00032316
787681929,1755000064487,1755000064603,116,118538.9,0.00004218
787681930,1755000064487,1755000064603,116,118538.8,0.00169416
787681931,1755000064487,1755000064603,116,118537.1,0.01607469
787681932,1755000064487,1755000064603,116,118536,0.00032316
787681933,1755000064487,1755000064603,116,118535.2,0.00169416
787681934,1755000064503,1755000064613,110,118533.1,0.00039302
787681935,1755000064503,1755000064613,110,118532.3,0.00001
787681936,1755000064503,1755000064613,110,118532,0.00032316
787681938,1755000064503,1755000064613,110,118531.6,0.00170416
787681940,1755000064823,1755000064932,109,118528,0.00201732
787681941,1755000064843,1755000064953,110,118525.6,0.00001
787681943,1755000064843,1755000064953,110,118524.4,0.00208722
787681944,1755000064853,1755000064963,110,118524,0.00032316
787681946,1755000065602,1755000065719,117,118523.2,0.01
787681947,1755000065602,1755000065719,117,118523.1,0.002
787681948,1755000065605,1755000065719,114,118520.8,0.00169416
787681951,1755000065605,1755000065720,115,118520,0.00078527
787681952,1755000065605,1755000065720,115,118519.6,0.00001
787681953,1755000065613,1755000065722,109,118518.6,0.0000464
787681954,1755000065623,1755000065735,112,118517.2,0.00169416
787681955,1755000065623,1755000065735,112,118516,0.00032316
787681956,1755000065653,1755000065763,110,118515.7,0.00039311
787681958,1755000066539,1755000066655,116,118514.1,0.0202928
787681960,1755000066543,1755000066657,114,118513.6,0.00170416
787681961,1755000066543,1755000066657,114,118512.2,0.003
787681962,1755000067029,1755000067143,114,118512,0.00032316
787681963,1755000067033,1755000067144,111,118510,0.00169416
787681965,1755000067033,1755000067144,111,118508,0.00042346
787681966,1755000067033,1755000067144,111,118507.6,0.00001
787681967,1755000067033,1755000067144,111,118507,0.00039314
787681968,1755000067033,1755000067144,111,118506.4,0.00169416
787681969,1755000068636,1755000068748,112,118505.4,0.00032373
787681971,1755000069103,1755000069219,116,118505.4,0.00967627
787681972,1755000069103,1755000069219,116,118505.3,0.002
787681973,1755000069103,1755000069219,116,118504.8,0.00419707
787681975,1755000069103,1755000069219,116,118504,0.00052438
787681976,1755000069103,1755000069219,116,118503.5,0.00003161
787681977,1755000069103,1755000069219,116,118502.9,0.00001
787681978,1755000069103,1755000069219,116,118502.8,0.00169416
787681979,1755000069103,1755000069219,116,118501.6,0.00001
787681980,1755000069103,1755000069219,116,118501.4,0.00002345
787681982,1755000069103,1755000069223,120,118500,0.00058405
787681983,1755000069103,1755000069223,120,118499.5,0.00759459
787681985,1755000069103,1755000069223,120,118499.2,0.00170416
787681986,1755000069103,1755000069223,120,118498.3,0.0003932
787681987,1755000069103,1755000069223,120,118498,0.00759416
787681988,1755000069103,1755000069223,120,118497.1,0.01523242
787681989,1755000071199,1755000071308,109,118496.1,0.0004287
787681990,1755000072042,1755000072154,112,118496.1,0.00057763
787681991,1755000072616,1755000072726,110,118496,0.00001001
787681992,1755000076741,1755000076853,112,118496.1,0.00001571
787681993,1755000077434,1755000077549,115,118496.1,0.00102831
787681994,1755000077446,1755000077558,112,118496.1,0.00094374
787681996,1755000079422,1755000079536,114,118496,0.02409735
787681997,1755000079423,1755000079536,113,118496,0.15901846
787682003,1755000079423,1755000079537,114,118496,0.25712008
787682005,1755000079423,1755000079537,114,118495.6,0.00170416
787682006,1755000079423,1755000079537,114,118495.1,0.00004641
787682007,1755000079424,1755000079537,113,118493.9,0.02759708
787682008,1755000079425,1755000079539,114,118492.4,0.02879809
787682010,1755000079425,1755000079539,114,118492.1,0.00002
787682012,1755000079425,1755000079539,114,118492,0.00201732
787682014,1755000079426,1755000079539,113,118490,0.01
787682015,1755000079426,1755000079540,114,118489.9,0.002
787682017,1755000079427,1755000079540,113,118489.6,0.00040323
787682018,1755000079429,1755000079540,111,118488.4,0.00169416
787682019,1755000079429,1755000079540,111,118488.2,0.00001
787682020,1755000079429,1755000079540,111,118488.1,0.00083608
787682021,1755000080852,1755000080964,112,118488.1,0.0023631
787682022,1755000083347,1755000083462,115,118488.1,0.00709546
787682023,1755000083363,1755000083474,111,118488.1,0.001
787682024,1755000084347,1755000084457,110,118488.1,0.0030693
787682027,1755000085020,1755000085130,110,118488,0.00059481
787682028,1755000085592,1755000085702,110,118488,0.00671057
787682029,1755000085690,1755000085803,113,118488.1,0.00152499
787682030,1755000085749,1755000085859,110,118488.1,0.00184168
787682031,1755000086730,1755000086839,109,118488.1,0.0000422
787682032,1755000086817,1755000086927,110,118488.1,0.00233007
787682033,1755000087122,1755000087234,112,118488.1,0.00343044
787682034,1755000087189,1755000087299,110,118488.1,0.00300064
787682035,1755000087622,1755000087734,112,118488,0.00156106
787682037,1755000088584,1755000088703,119,118488,0.00156106
787682038,1755000089196,1755000089308,112,118488,0.00255015
787682039,1755000090782,1755000090895,113,118488.1,0.00084396
787682040,1755000090829,1755000090944,115,118488,0.000029
787682041,1755000091849,1755000091986,137,118488,0.00265944
787682042,1755000092214,1755000092323,109,118488,0.04595636
787682043,1755000094698,1755000094810,112,118488.1,0.00012852
787682044,1755000094777,1755000094887,110,118488,0.00129077
787682045,1755000094840,1755000094951,111,118488.1,0.00126704
787682046,1755000096831,1755000096944,113,118488.1,0.00207668
787682047,1755000097800,1755000097914,114,118488,0.0015611
787682054,1755000097824,1755000097934,110,118488.1,0.99878131
787682055,1755000098003,1755000098112,109,118488,0.00007726
787682056,1755000098952,1755000099065,113,118488,0.00008441
787682057,1755000100330,1755000100443,113,118488.1,0.00043974
787682058,1755000100825,1755000100938,113,118488.1,0.000042
787682062,1755000101998,1755000102111,113,118488,0.02297818
787682063,1755000102434,1755000102549,115,118488,0.01
787682066,1755000102953,1755000103062,109,118488.1,0.10045649
787682068,1755000102964,1755000103073,109,118488.1,0.04219801
787682070,1755000102973,1755000103082,109,118488.1,0.00291909
787682071,1755000102973,1755000103083,110,118489.6,0.00078292
787682073,1755000103131,1755000103240,109,118492,0.00201732
787682074,1755000103143,1755000103252,109,118495.6,0.00169416
787682075,1755000103143,1755000103252,109,118495.8,0.003
787682076,1755000103144,1755000103253,109,118496,0.00032316
787682077,1755000103144,1755000103253,109,118496.1,0.00001103
787682078,1755000103144,1755000103253,109,118498.3,0.00016591
787682079,1755000103153,1755000103262,109,118498.3,0.0002273
787682081,1755000103247,1755000103357,110,118498.6,0.01519037
787682082,1755000103247,1755000103357,110,118499.2,0.00169416
787682083,1755000103250,1755000103361,111,118500,0.00032316
787682084,1755000103250,1755000103361,111,118500.3,0.00001
787682085,1755000103250,1755000103361,111,118502.8,0.00169416
787682087,1755000104141,1755000104253,112,118503,0.01181545
787682088,1755000104700,1755000104810,110,118503,0.0135027
787682089,1755000104840,1755000104950,110,118503,0.00003049
787682090,1755000105674,1755000105788,114,118503,0.0005
787682094,1755000105723,1755000105832,109,118502.9,0.00403825
787682096,1755000105993,1755000106103,110,118500,0.006
787682097,1755000106119,1755000106232,113,118500,0.00585741
787682098,1755000106467,1755000106578,111,118500,0.00002221
787682099,1755000106839,1755000106949,110,118500,0.000017
787682100,1755000108240,1755000108349,109,118500,0.00001816
787682101,1755000110093,1755000110207,114,118499.2,0.00169416
787682102,1755000110093,1755000110207,114,118498.3,0.00078289
787682103,1755000110093,1755000110207,114,118496,0.00032316
787682105,1755000110093,1755000110207,114,118495.6,0.00170416
787682106,1755000110722,1755000110831,109,118494.4,0.00008312
787682108,1755000111407,1755000111524,117,118494.4,0.03783599
787682109,1755000111407,1755000111524,117,118494.2,0.01066401
787682110,1755000111407,1755000111525,118,118494.2,0.02004848
787682111,1755000111407,1755000111525,118,118493.9,0.003
787682113,1755000111423,1755000111534,111,118492,0.00201732
787682114,1755000111423,1755000111534,111,118491.9,0.00003
787682116,1755000111433,1755000111543,110,118489.6,0.00040323
787682117,1755000111466,1755000111576,110,118488.4,0.00001182
787682118,1755000112341,1755000112453,112,118488.4,0.00168234
787682119,1755000112353,1755000112467,114,118488,0.00032316
787682120,1755000112353,1755000112467,114,118485.5,0.00004219
787682121,1755000112353,1755000112467,114,118484.8,0.00169416
787682122,1755000112353,1755000112467,114,118484.5,0.00001
787682123,1755000112353,1755000112467,114,118484,0.00032316
787682125,1755000113612,1755000113724,112,118483.7,0.00009841
787682126,1755000113683,1755000113792,109,118483.7,0.00030201
787682127,1755000115002,1755000115112,110,118483.7,0.00086
787682128,1755000116534,1755000116645,111,118483.7,0.00042199
787682130,1755000118604,1755000118723,119,118483.6,0.00743622
787682131,1755000118820,1755000118930,110,118483.7,0.00177105
787682132,1755000119059,1755000119169,110,118483.7,0.00025319
787682133,1755000119340,1755000119452,112,118483.7,0.00154342
787682134,1755000119340,1755000119453,113,118483.7,0.00117545
787682137,1755000119856,1755000119967,111,118483.6,0.00996046
787682138,1755000119923,1755000120033,110,118482,0.0001003
787682139,1755000119923,1755000120033,110,118481.2,0.00169416
787682140,1755000119933,1755000120046,113,118480.9,0.00039327
787682145,1755000119933,1755000120046,113,118480,0.00091157
787682147,1755000120012,1755000120125,113,118480,0.00059503
787682148,1755000120040,1755000120150,110,118480,0.00001099
787682149,1755000120041,1755000120150,109,118480,0.0000105
787682150,1755000121999,1755000122112,113,118480,0.00284756
787682151,1755000124973,1755000125084,111,118480,0.0009905
787682152,1755000125362,1755000125475,113,118480,0.00004586
787682153,1755000125362,1755000125475,113,118480,0.00004586
787682154,1755000125362,1755000125475,113,118480,0.00004586
787682155,1755000125362,1755000125475,113,118480,0.00004586
787682156,1755000125362,1755000125475,113,118480,0.00004586
787682157,1755000125362,1755000125475,113,118480,0.00004586
787682158,1755000125362,1755000125475,113,118480,0.00004586
787682159,1755000125362,1755000125481,119,118480,0.00004586
787682160,1755000125362,1755000125481,119,118480,0.00004586
787682161,1755000125362,1755000125481,119,118480,0.00004586
787682162,1755000125362,1755000125481,119,118480,0.00004586
787682163,1755000125362,1755000125481,119,118480,0.00004586
787682164,1755000125362,1755000125481,119,118480,0.00004586
787682165,1755000125362,1755000125481,119,118480,0.00004586
787682166,1755000125362,1755000125482,120,118480,0.00004586
787682167,1755000125362,1755000125482,120,118480,0.00004586
787682168,1755000125362,1755000125482,120,118480,0.00004586
787682169,1755000125362,1755000125482,120,118480,0.00004586
787682170,1755000125362,1755000125482,120,118480,0.00004586
787682171,1755000125362,1755000125482,120,118480,0.00004586
787682172,1755000125786,1755000125895,109,118480,0.00025319
787682173,1755000128296,1755000128409,113,118479.9,0.00077
787682183,1755000128565,1755000128683,118,118479.9,0.66872347
787682184,1755000128565,1755000128683,118,118479.8,0.02654492
787682185,1755000128565,1755000128683,118,118479,0.02071963
787682186,1755000128565,1755000128683,118,118478.2,0.04702888
787682187,1755000128565,1755000128683,118,118478,0.02654531
787682189,1755000128565,1755000128683,118,118477.6,0.00170416
787682190,1755000128568,1755000128683,115,118476.7,0.04927058
787682191,1755000128568,1755000128683,115,118476,0.00032316
787682192,1755000128568,1755000128683,115,118475.4,0.00623673
787682193,1755000128583,1755000128703,120,118474,0.00169416
787682195,1755000128983,1755000129097,114,118473.9,0.006078
787682197,1755000129016,1755000129127,111,118473.9,0.00462867
787682198,1755000129023,1755000129142,119,118473.8,0.002
787682199,1755000129023,1755000129142,119,118473.7,0.00002317
787682200,1755000129023,1755000129142,119,118472.2,0.00039333
787682202,1755000129023,1755000129142,119,118472,0.00052438
787682203,1755000129023,1755000129142,119,118471.6,0.00001
787682204,1755000129023,1755000129142,119,118470.4,0.00169416
787682205,1755000129023,1755000129142,119,118469.8,0.0000422
787682207,1755000129023,1755000129142,119,118468.2,0.0000522
787682209,1755000129756,1755000129865,109,118468,0.00053503
787682210,1755000129763,1755000129880,117,118467.6,0.00003161
787682211,1755000129763,1755000129880,117,118466.8,0.00169416
787682212,1755000129763,1755000129880,117,118466.2,0.00001
787682213,1755000129763,1755000129880,117,118465.6,0.00001
787682214,1755000129763,1755000129880,117,118464,0.00032316
787682215,1755000129763,1755000129880,117,118463.5,0.00039336
787682216,1755000129763,1755000129880,117,118463.2,0.00169416
787682218,1755000130003,1755000130113,110,118460,0.00058405
787682219,1755000130003,1755000130113,110,118459.6,0.00169416
787682220,1755000133532,1755000133647,115,118456.9,0.00001013
787682221,1755000133964,1755000134077,113,118456.8,0.0015612
787682222,1755000135627,1755000135737,110,118456.9,0.00095228
787682223,1755000135645,1755000135754,109,118456.9,0.00104863
787682224,1755000136858,1755000136974,116,118456.8,0.005126
787682225,1755000136927,1755000137042,115,118456.8,0.00001001
787682226,1755000137172,1755000137281,109,118456.9,0.00085
787682227,1755000137192,1755000137302,110,118456.9,0.00002222
787682228,1755000137199,1755000137310,111,118456.9,0.00025325
787682229,1755000137518,1755000137628,110,118456.9,0.02110474
787682230,1755000137723,1755000137833,110,118456.9,0.00118204
787682231,1755000138020,1755000138132,112,118456.8,0.00001001
787682232,1755000138294,1755000138407,113,118456.9,0.00112455
787682234,1755000139196,1755000139306,110,118456.8,0.0006
787682238,1755000139413,1755000139523,110,118456,0.00231884
787682239,1755000139750,1755000139859,109,118455.8,0.00241737
787682242,1755000141716,1755000141829,113,118455.8,0.1282577
787682243,1755000144640,1755000144755,115,118455.9,0.00002631
787682244,1755000144675,1755000144784,109,118455.9,0.00008441
787682249,1755000146067,1755000146177,110,118455.9,0.0479422
787682250,1755000146068,1755000146177,109,118455.9,0.09460319
787682252,1755000146068,1755000146178,110,118456.9,0.0031
787682253,1755000146213,1755000146336,123,118459.6,0.00169416
787682254,1755000146213,1755000146336,123,118460,0.00032316
787682255,1755000146213,1755000146336,123,118462.4,0.00001
787682257,1755000146213,1755000146336,123,118463.2,0.00231038
787682258,1755000146223,1755000146336,113,118463.5,0.00078305
787682259,1755000146223,1755000146336,113,118464,0.00032316
787682260,1755000146223,1755000146336,113,118466.8,0.00169416
787682261,1755000146223,1755000146336,113,118468,0.00032316
787682262,1755000147659,1755000147774,115,118469.9,0.0000125
787682263,1755000148640,1755000148755,115,118470,0.00640415
787682264,1755000149055,1755000149173,118,118469.9,0.00012611
787682265,1755000150538,1755000150650,112,118469.9,0.00001339
787682266,1755000150949,1755000151063,114,118469.9,0.00001001
787682275,1755000151098,1755000151214,116,118470,0.82948537
787682276,1755000151098,1755000151214,116,118470.3,0.01758283
787682278,1755000151098,1755000151214,116,118470.4,0.00170416
787682281,1755000151098,1755000151214,116,118472,0.01082438
787682282,1755000151098,1755000151214,116,118472.2,0.00039334
787682283,1755000151098,1755000151214,116,118472.3,0.12661
787682284,1755000151098,1755000151214,116,118472.9,0.00396992
787682285,1755000151098,1755000151218,120,118472.9,0.02091778
787682286,1755000151098,1755000151218,120,118473,0.295
787682290,1755000151098,1755000151218,120,118474,0.02499416
787682291,1755000151098,1755000151218,120,118474.7,0.0292338
787682293,1755000151098,1755000151218,120,118475,0.01759686
787682295,1755000151098,1755000151218,120,118475.9,0.01
787682298,1755000151098,1755000151218,120,118476,0.01262316
787682299,1755000151098,1755000151218,120,118476.1,0.01488331
787682300,1755000151098,1755000151218,120,118476.4,0.00001
787682301,1755000151098,1755000151218,120,118477.1,0.00001
787682302,1755000151101,1755000151218,117,118477.6,0.000471
787682303,1755000151101,1755000151219,118,118477.6,0.00122316
787682305,1755000151102,1755000151219,117,118479.5,0.00002638
787682306,1755000151102,1755000151219,117,118480,0.00039362
787682308,1755000151102,1755000151219,117,118480,0.00042
787682311,1755000151102,1755000151219,117,118480,0.01056347
787682312,1755000151102,1755000151219,117,118480.7,0.04361461
787682313,1755000151102,1755000151219,117,118480.8,0.00001
787682314,1755000151102,1755000151219,117,118481,0.06957
787682316,1755000151102,1755000151219,117,118481.2,0.00469416
787682317,1755000151102,1755000151230,128,118481.4,0.11663913
787682318,1755000151102,1755000151230,128,118481.8,0.04
787682320,1755000151102,1755000151230,128,118482,0.0104003
787682321,1755000151102,1755000151230,128,118482.2,0.0206996
787682323,1755000151102,1755000151230,128,118482.4,0.01689419
787682324,1755000151102,1755000151231,129,118483.1,0.0602
787682325,1755000151102,1755000151231,129,118483.2,0.00759686
787682326,1755000151102,1755000151235,133,118484,0.00032316
787682327,1755000151102,1755000151236,134,118484.4,0.00001
787682328,1755000151102,1755000151236,134,118484.6,0.27618487
787682329,1755000151102,1755000151236,134,118484.7,0.0000101
787682331,1755000151102,1755000151236,134,118484.8,0.19912955
787682332,1755000151102,1755000151236,134,118484.8,0.13966461
787682333,1755000151102,1755000151241,139,118485,0.04924647
787682334,1755000151102,1755000151242,140,118485.8,0.0000422
787682335,1755000151102,1755000151242,140,118486.6,0.0003778
787682336,1755000151103,1755000151242,139,118486.6,0.00042
787682337,1755000151103,1755000151242,139,118486.6,0.00042
787682338,1755000151103,1755000151242,139,118486.6,0.00042
787682339,1755000151104,1755000151247,143,118486.9,0.04870632
787682340,1755000151104,1755000151247,143,118487.2,0.00001137
787682342,1755000151104,1755000151247,143,118488,0.00052438
787682343,1755000151104,1755000151247,143,118488.1,0.00001
787682344,1755000151104,1755000151248,144,118488.4,0.00169416
787682345,1755000151104,1755000151248,144,118491.7,0.00001137
787682346,1755000151104,1755000151248,144,118491.8,0.00001
787682348,1755000151104,1755000151248,144,118492,0.00201732
787682349,1755000151104,1755000151248,144,118492.3,0.003
787682351,1755000151104,1755000151248,144,118493.7,0.01
787682352,1755000151104,1755000151248,144,118493.8,0.002
787682353,1755000151104,1755000151248,144,118495.3,0.38336508
787682354,1755000151105,1755000151248,143,118495.3,0.17564492
787682355,1755000151105,1755000151253,148,118495.5,0.00001
787682356,1755000151105,1755000151253,148,118495.6,0.00169416
787682357,1755000151105,1755000151253,148,118496,0.00032316
787682359,1755000151105,1755000151253,148,118496.6,0.00423114
787682360,1755000151105,1755000151253,148,118498.4,0.00337812
787682361,1755000151105,1755000151253,148,118499.1,0.00001
787682362,1755000151105,1755000151253,148,118499.2,0.00169416
787682364,1755000151105,1755000151253,148,118500,0.00058405
787682365,1755000151105,1755000151258,153,118500.3,0.00004219
787682366,1755000151105,1755000151258,153,118500.4,0.333
787682367,1755000151105,1755000151258,153,118502.7,0.03787352
787682369,1755000151105,1755000151258,153,118502.8,0.00170416
787682370,1755000151105,1755000151258,153,118503,0.03605919
787682371,1755000151105,1755000151259,154,118503.5,0.00003161
787682372,1755000151105,1755000151259,154,118503.6,0.00005
787682374,1755000151105,1755000151259,154,118503.7,0.00002274
787682376,1755000151105,1755000151259,154,118504,0.00052438
787682377,1755000151105,1755000151259,154,118504.9,0.003
787682378,1755000151105,1755000151259,154,118505.2,0.0207888
787682380,1755000151105,1755000151259,154,118506,2
787682381,1755000151105,1755000151259,154,118506.4,0.00169416
787682382,1755000151105,1755000151259,154,118506.5,0.00001
787682383,1755000151105,1755000151259,154,118507.7,0.00001137
787682385,1755000151105,1755000151260,155,118508,0.00042346
787682386,1755000151105,1755000151260,155,118508.3,0.03376437
787682387,1755000151105,1755000151260,155,118509.2,0.0058008
787682388,1755000151105,1755000151260,155,118489.1,0.06638992
787682389,1755000151105,1755000151260,155,118489.1,0.00374581
787682390,1755000151106,1755000151260,154,118490.3,0.0103
787682391,1755000151106,1755000151260,154,118494.4,0.01714081
787682392,1755000151106,1755000151260,154,118494.4,0.02285919
787682393,1755000151107,1755000151260,153,118509.2,0.02682873
787682394,1755000151108,1755000151264,156,118509.2,0.00042
787682395,1755000151108,1755000151264,156,118509.2,0.00042
787682396,1755000151110,1755000151268,158,118509.2,0.2574
787682397,1755000151110,1755000151268,158,118509.2,0.04780047
787682398,1755000151110,1755000151268,158,118509.9,0.001
787682399,1755000151110,1755000151268,158,118510,0.00169416
787682400,1755000151110,1755000151268,158,118510.2,0.00001
787682401,1755000151110,1755000151268,158,118512,0.00032316
787682402,1755000151112,1755000151274,162,118513.6,0.00169416
787682403,1755000151112,1755000151275,163,118513.8,0.00001
787682404,1755000151112,1755000151275,163,118514.9,0.00001501
787682406,1755000151112,1755000151275,163,118516,0.00042316
787682407,1755000151112,1755000151275,163,118517.2,0.00169416
787682408,1755000151112,1755000151275,163,118517.5,0.00001
787682412,1755000151112,1755000151275,163,118520,0.00080652
787682413,1755000151112,1755000151279,167,118520.8,0.00169416
787682414,1755000151112,1755000151279,167,118521.2,0.00001
787682415,1755000151112,1755000151279,167,118524,0.00032316
787682416,1755000151112,1755000151279,167,118524.4,0.00169416
787682417,1755000151112,1755000151279,167,118524.9,0.00001
787682418,1755000151112,1755000151279,167,118525.3,0.03382007
787682419,1755000151113,1755000151279,166,118510.3,0.00146875
787682420,1755000151114,1755000151279,165,118510.3,0.0039
787682421,1755000151114,1755000151279,165,118510.3,0.02839359
787682422,1755000151118,1755000151279,161,118513.6,0.0006
787682423,1755000151118,1755000151279,161,118514,0.00110417
787682424,1755000151118,1755000151283,165,118514,0.00454801
787682425,1755000151119,1755000151283,164,118514,0.00464782
787682426,1755000151119,1755000151283,164,118516,0.0103
787682427,1755000151119,1755000151283,164,118517.4,0.00844058
787682428,1755000151119,1755000151283,164,118518,0.0103
787682429,1755000151122,1755000151291,169,118520,0.0103
787682430,1755000151122,1755000151291,169,118520.3,0.0297
787682431,1755000151124,1755000151291,167,118520.3,0.00042
787682432,1755000151124,1755000151291,167,118520.3,0.00042
787682433,1755000151128,1755000151291,163,118520.2,0.00042
787682434,1755000151128,1755000151291,163,118520.2,0.00042
787682435,1755000151133,1755000151292,159,118520.2,0.01
787682436,1755000151137,1755000151292,155,118520.3,0.00169416
787682441,1755000151140,1755000151292,152,118520.2,0.45578187
787682459,1755000151219,1755000151329,110,118520.3,0.92811104
787682460,1755000151251,1755000151366,115,118520.3,0.00078
787682462,1755000151256,1755000151366,110,118520.3,0.0421
787682464,1755000152328,1755000152440,112,118520.3,0.28870078
787682465,1755000152604,1755000152714,110,118520.2,0.00000966
787682466,1755000153391,1755000153501,110,118520.3,0.00004387
787682467,1755000153898,1755000154011,113,118520.3,0.00042
787682468,1755000153898,1755000154011,113,118520.3,0.00042
787682469,1755000153898,1755000154011,113,118520.3,0.00919794
787682470,1755000153900,1755000154012,112,118520.3,0.0319191
787682471,1755000153900,1755000154012,112,118520.3,0.05452054
787682472,1755000153900,1755000154012,112,118520.3,0.03138159
787682474,1755000153900,1755000154012,112,118520.3,0.07161501
787682475,1755000153903,1755000154014,111,118524.4,0.0016939
787682476,1755000153915,1755000154032,117,118528,0.0004388
787682477,1755000154028,1755000154140,112,118527.9,0.00001001
787682478,1755000155656,1755000155767,111,118528,0.00002221
787682479,1755000156250,1755000156359,109,118528,0.00002221
787682480,1755000158254,1755000158375,121,118527.9,0.00042827
787682481,1755000159318,1755000159427,109,118527.9,0.00001001
787682482,1755000160365,1755000160484,119,118527.9,0.00027
787682483,1755000161648,1755000161758,110,118527.9,0.00083033
787682484,1755000162121,1755000162231,110,118528,0.00013239
787682485,1755000162121,1755000162231,110,118528,0.00013239
787682486,1755000162121,1755000162231,110,118528,0.00013239
787682487,1755000162121,1755000162232,111,118528,0.00013239
787682488,1755000162121,1755000162232,111,118528,0.00009883
787682493,1755000164153,1755000164266,113,118527.9,0.17642487
787682496,1755000165526,1755000165640,114,118528,0.00421419
787682497,1755000165841,1755000165956,115,118527.9,0.00048706
787682498,1755000165879,1755000165993,114,118528,0.000023
787682503,1755000167299,1755000167409,110,118527.9,0.05176207
787682508,1755000167300,1755000167414,114,118527.9,0.1613
787682510,1755000167300,1755000167414,114,118527.9,0.01950562
787682511,1755000167301,1755000167414,113,118527.6,0.01606445
787682512,1755000167309,1755000167422,113,118524.4,0.00169416
787682513,1755000167309,1755000167423,114,118524.3,0.02373152
787682514,1755000167309,1755000167423,114,118524,0.00032316
787682515,1755000167309,1755000167423,114,118523.9,0.003
787682516,1755000167309,1755000167423,114,118521.4,0.02668204
787682517,1755000167309,1755000167423,114,118521.3,0.00001
787682518,1755000167309,1755000167423,114,118521.1,0.04926088
787682519,1755000167309,1755000167423,114,118520.8,0.00169416
787682520,1755000167309,1755000167423,114,118520.7,0.00759314
787682522,1755000167309,1755000167423,114,118520.3,0.0092189
787682523,1755000167309,1755000167423,114,118520.2,0.42187
787682524,1755000167312,1755000167427,115,118520,0.00032316
787682525,1755000167312,1755000167427,115,118518.9,0.01624193
787682526,1755000167312,1755000167427,115,118517.6,0.00001
787682527,1755000167312,1755000167427,115,118517.2,0.00169416
787682528,1755000167312,1755000167427,115,118516,0.00032316
787682529,1755000167312,1755000167428,116,118515.1,0.00759265
787682530,1755000167312,1755000167428,116,118514.8,0.000015
787682531,1755000167312,1755000167428,116,118514.1,0.00001
787682532,1755000167312,1755000167428,116,118513.9,0.00001
787682533,1755000167312,1755000167428,116,118513.6,0.00169416
787682534,1755000167312,1755000167428,116,118512,0.00032316
787682535,1755000167312,1755000167428,116,118511.4,0.04225379
787682536,1755000167312,1755000167428,116,118510.4,0.20375883
787682537,1755000167322,1755000167432,110,118510.3,0.00001
787682538,1755000167322,1755000167432,110,118510.2,0.00041
787682539,1755000167322,1755000167432,110,118510.2,0.00042
787682540,1755000167324,1755000167435,111,118510.2,0.00042
787682541,1755000167324,1755000167435,111,118510.2,0.00042
787682542,1755000167330,1755000167442,112,118510,0.00042
787682543,1755000167330,1755000167442,112,118510,0.00042
787682544,1755000167332,1755000167453,121,118510,0.00085416
787682545,1755000167333,1755000167453,120,118509.7,0.003
787682546,1755000167333,1755000167453,120,118508.1,0.00001
787682547,1755000167333,1755000167453,120,118508,0.00032316
787682548,1755000167333,1755000167453,120,118507.8,0.0003
787682549,1755000167333,1755000167453,120,118507.6,0.0144139
787682550,1755000167333,1755000167453,120,118506.4,0.00169416
787682552,1755000167333,1755000167453,120,118504,0.00052438
787682553,1755000167333,1755000167453,120,118503.9,0.003
787682554,1755000167333,1755000167453,120,118502.9,0.00001
787682555,1755000167333,1755000167453,120,118502.8,0.00169416
787682556,1755000167337,1755000167453,116,118502.1,0.00001
787682558,1755000167337,1755000167453,116,118500,0.00058405
787682560,1755000167337,1755000167453,116,118499.2,0.00170416
787682561,1755000167337,1755000167454,117,118497.9,0.003
787682562,1755000167337,1755000167454,117,118496.1,0.00001
787682563,1755000167337,1755000167454,117,118496,0.00032316
787682565,1755000167337,1755000167454,117,118495.9,0.01
787682566,1755000167337,1755000167455,118,118495.8,0.002
787682568,1755000167337,1755000167455,118,118495.6,0.00170416
787682569,1755000167337,1755000167455,118,118492.7,0.01146958
787682570,1755000167337,1755000167455,118,118492.1,0.01138752
787682571,1755000167346,1755000167457,111,118492.1,0.04208
787682572,1755000167352,1755000167461,109,118492.1,0.01825466
787682574,1755000167363,1755000167473,110,118492,0.00201732
787682575,1755000167363,1755000167473,110,118491.2,0.00001501
787682577,1755000167369,1755000167481,112,118488.4,0.02114475
787682581,1755000167382,1755000167497,115,118488,0.02525
787682582,1755000167392,1755000167506,114,118486.1,0.00042
787682583,1755000167392,1755000167506,114,118486.1,0.00042
787682585,1755000167413,1755000167529,116,118486,0.04
787682588,1755000167843,1755000167955,112,118486.1,0.00510184
787682589,1755000168013,1755000168150,137,118490.9,0.04110187
787682591,1755000168013,1755000168150,137,118492,0.00201732
787682592,1755000168013,1755000168150,137,118493.7,0.003
787682594,1755000168528,1755000168638,110,118493.8,0.10249
787682595,1755000170063,1755000170172,109,118493.8,0.00021167
787682596,1755000170073,1755000170186,113,118495.6,0.00169416
787682597,1755000170073,1755000170186,113,118496,0.00032316
787682598,1755000170533,1755000170649,116,118498,0.00007278
787682599,1755000170533,1755000170649,116,118498,0.00007278
787682600,1755000170533,1755000170649,116,118498,0.00007278
787682601,1755000170533,1755000170649,116,118498,0.00007278
787682602,1755000170533,1755000170649,116,118498,0.00007278
787682603,1755000170533,1755000170649,116,118498,0.00007278
787682604,1755000170533,1755000170649,116,118498,0.00007278
787682605,1755000170533,1755000170649,116,118498,0.00006076
787682606,1755000171677,1755000171790,113,118498,0.0002881
787682608,1755000173418,1755000173535,117,118497.9,0.00005038
787682609,1755000173850,1755000173963,113,118497.9,0.00013
787682610,1755000173939,1755000174056,117,118498,0.00002221
787682611,1755000175493,1755000175661,168,118497.9,0.00001001
787682612,1755000175827,1755000175940,113,118497.9,0.00001209
787682613,1755000176632,1755000176742,110,118498,0.00004219
787682614,1755000177156,1755000177273,117,118497.9,0.00008346
787682615,1755000177182,1755000177299,117,118497.9,0.00001161
787682617,1755000177312,1755000177424,112,118498,0.09594355
787682618,1755000177328,1755000177442,114,118498,0.01559274
787682619,1755000177334,1755000177444,110,118498,0.0008
787682620,1755000177334,1755000177444,110,118498,0.02764006
787682621,1755000177343,1755000177452,109,118499.2,0.00169416
787682623,1755000177392,1755000177502,110,118499.6,0.00001001
787682625,1755000177408,1755000177520,112,118499.7,0.01
787682626,1755000177413,1755000177522,109,118499.8,0.002
787682627,1755000177413,1755000177523,110,118500,0.00032316
787682629,1755000177413,1755000177523,110,118502.8,0.00170416
787682631,1755000177423,1755000177534,111,118504,0.00052438
787682632,1755000177425,1755000177534,109,118506.4,0.00040008
787682633,1755000177428,1755000177541,113,118506.4,0.00129408
787682634,1755000177443,1755000177555,112,118508,0.00032316
787682635,1755000177513,1755000177622,109,118510,0.00169416
787682636,1755000177513,1755000177622,109,118510.4,0.003
787682637,1755000177523,1755000177632,109,118512,0.00032316
787682638,1755000177533,1755000177648,115,118512.7,0.00001
787682639,1755000177533,1755000177648,115,118513.6,0.00169416
787682641,1755000177573,1755000177686,113,118514,0.0112
787682643,1755000177573,1755000177686,113,118516,0.01062316
787682644,1755000177573,1755000177686,113,118517.2,0.00169416
787682647,1755000177573,1755000177686,113,118517.5,0.01001
787682648,1755000177573,1755000177686,113,118517.6,0.002
787682649,1755000182322,1755000182435,113,118517.8,0.00002222
787682650,1755000182473,1755000182583,110,118517.7,0.00001001
787682651,1755000183934,1755000184049,115,118517.8,0.00002222
787682652,1755000185448,1755000185565,117,118517.7,0.00001001
787682653,1755000186872,1755000186989,117,118517.7,0.00173106
787682654,1755000187142,1755000187254,112,118517.7,0.00033033
787682661,1755000188847,1755000188956,109,118517.7,0.06292046
787682662,1755000188863,1755000188974,111,118515,0.00025312
787682663,1755000189691,1755000189800,109,118514.1,0.00001001
787682664,1755000193160,1755000193289,129,118514.2,0.00197564
787682665,1755000196864,1755000196976,112,118514.2,0.000455
787682666,1755000197184,1755000197297,113,118514.2,0.00002221
787682667,1755000197341,1755000197450,109,118514.2,0.00001819
787682668,1755000197530,1755000197641,111,118514.1,0.00001137
787682669,1755000197659,1755000197768,109,118514.1,0.00001137
787682670,1755000197774,1755000197886,112,118514.2,0.00002221
787682671,1755000198101,1755000198213,112,118514.1,0.00001001
787682672,1755000198317,1755000198428,111,118514.2,0.00002221
787682673,1755000198603,1755000198716,113,118514.1,0.00070308
787682674,1755000202589,1755000202703,114,118514.1,0.00519494
787682675,1755000203235,1755000203348,113,118514.2,0.0000274
787682676,1755000203235,1755000203349,114,118514.2,0.0000274
787682677,1755000203235,1755000203349,114,118514.2,0.0000274
787682678,1755000204200,1755000204310,110,118514.1,0.00977875
787682682,1755000204200,1755000204310,110,118514.1,0.02850513
787682683,1755000204200,1755000204310,110,118513.9,0.01707508
787682684,1755000204200,1755000204310,110,118513.6,0.00169416
787682685,1755000204200,1755000204310,110,118513.3,0.003
787682686,1755000204202,1755000204312,110,118512,0.00032316
787682687,1755000204202,1755000204312,110,118511.6,0.00039311
787682688,1755000204202,1755000204312,110,118510.5,0.02425801
787682689,1755000204202,1755000204312,110,118510.3,0.00001
787682690,1755000204202,1755000204312,110,118510,0.00169416
787682691,1755000204224,1755000204333,109,118508.2,0.00010318
787682693,1755000204253,1755000204364,111,118508.1,0.01
787682695,1755000204253,1755000204364,111,118508,0.00232316
787682696,1755000204256,1755000204370,114,118506.4,0.00169416
787682697,1755000204256,1755000204370,114,118504,0.00032316
787682698,1755000205231,1755000205343,112,118503.5,0.00080925
787682699,1755000205813,1755000205922,109,118503.5,0.00084385
787682700,1755000206088,1755000206201,113,118503.5,0.00008438
787682702,1755000209555,1755000209674,119,118503.4,0.00168948
787682703,1755000212463,1755000212576,113,118502.9,0.00039317
787682704,1755000212463,1755000212576,113,118502.8,0.00169416
787682705,1755000212483,1755000212599,116,118500.8,0.01429149
787682706,1755000212483,1755000212599,116,118500,0.00032316
787682707,1755000212483,1755000212599,116,118499.2,0.00169416
787682708,1755000212483,1755000212599,116,118499,0.02079304
787682709,1755000212483,1755000212599,116,118497.4,0.00001
787682710,1755000212483,1755000212599,116,118496,0.00032316
787682712,1755000212483,1755000212599,116,118495.6,0.00170416
787682713,1755000212483,1755000212599,116,118495.5,0.00070624
787682714,1755000212483,1755000212599,116,118494.2,0.00039321
787682715,1755000212483,1755000212599,116,118492.7,0.00004219
787682717,1755000214836,1755000214950,114,118492,0.0013
787682718,1755000219010,1755000219124,114,118492.1,0.00008101
787682719,1755000219280,1755000219411,131,118492.1,0.00001181
787682721,1755000221560,1755000221682,122,118492.1,0.006872
787682722,1755000223271,1755000223384,113,118492.1,0.00085
787682723,1755000227387,1755000227499,112,118492.1,0.0013503
787682724,1755000228313,1755000228422,109,118492.1,0.0005907
787682725,1755000229657,1755000229770,113,118492.1,0.00002222
787682727,1755000230190,1755000230305,115,118492,0.0008132
787682728,1755000230688,1755000230800,112,118492,0.00001001
787682729,1755000230978,1755000231091,113,118492,0.00001687
787682730,1755000231322,1755000231445,123,118492,0.00001001
787682734,1755000231674,1755000231792,118,118492,0.06251135
787682735,1755000231674,1755000231792,118,118491.5,0.003
787682736,1755000231674,1755000231792,118,118491.4,0.00001
787682737,1755000231674,1755000231792,118,118491.1,0.02079442
787682738,1755000231674,1755000231792,118,118490.8,0.01493574
787682739,1755000231674,1755000231792,118,118490,0.0103
787682740,1755000231674,1755000231792,118,118489.2,0.01670619
787682741,1755000231683,1755000231796,113,118488.4,0.00169416
787682746,1755000231757,1755000231867,110,118488,0.03847928
787682747,1755000231757,1755000231867,110,118487.2,0.01254916
787682748,1755000231763,1755000231875,112,118487.2,0.00039214
787682749,1755000233057,1755000233170,113,118486,0.002234
787682751,1755000233218,1755000233328,110,118486,0.007766
787682752,1755000233223,1755000233340,117,118485.9,0.002
787682753,1755000233223,1755000233340,117,118485.5,0.00039326
787682754,1755000233223,1755000233340,117,118485.4,0.00001
787682755,1755000233223,1755000233340,117,118484.8,0.00169416
787682756,1755000233223,1755000233340,117,118484.5,0.00001
787682757,1755000233223,1755000233340,117,118484,0.00032316
787682758,1755000233223,1755000233340,117,118482,0.0001003
787682760,1755000233264,1755000233375,111,118481.3,0.00008779
787682761,1755000233279,1755000233394,115,118481.3,0.0035507
787682762,1755000233740,1755000233852,112,118481.3,0.00001602
787682763,1755000235771,1755000235883,112,118481.2,0.00018475
787682764,1755000236913,1755000237026,113,118481.2,0.00150941
787682767,1755000236923,1755000237035,112,118480,0.0006053
787682768,1755000238091,1755000238206,115,118478.1,0.00052031
787682769,1755000241207,1755000241321,114,118478.1,0.03331754
787682772,1755000241933,1755000242048,115,118478,0.09986683
787682773,1755000241933,1755000242048,115,118477.6,0.00169416
787682774,1755000241933,1755000242048,115,118477.5,0.002
787682775,1755000242293,1755000242403,110,118477.5,0.00042
787682776,1755000242850,1755000242962,112,118477.5,0.00006161
787682777,1755000243115,1755000243227,112,118477.5,0.00085
787682780,1755000246353,1755000246463,110,118477.5,0.00069
787682782,1755000248109,1755000248222,113,118477.5,0.00124254
787682785,1755000249524,1755000249635,111,118477.5,0.00590829
787682786,1755000249575,1755000249688,113,118477.5,0.0001688
787682787,1755000249875,1755000249990,115,118477.4,0.00001001
787682788,1755000249910,1755000250021,111,118477.5,0.00060438
787682789,1755000249964,1755000250082,118,118477.5,0.00082674
787682790,1755000252660,1755000252770,110,118477.5,0.00113612
787682791,1755000253140,1755000253250,110,118477.5,0.000886
787682792,1755000253464,1755000253576,112,118477.4,0.00007
787682793,1755000253590,1755000253703,113,118477.5,0.00531191
787682794,1755000255338,1755000255450,112,118477.5,0.00159967
787682795,1755000256354,1755000256467,113,118477.4,0.00001001
787682796,1755000259569,1755000259685,116,118477.4,0.00326896
787682797,1755000260622,1755000260733,111,118477.4,0.00003
787682798,1755000261240,1755000261350,110,118477.5,0.00085
787682803,1755000261891,1755000262003,112,118477.4,0.11647463
787682804,1755000262646,1755000262755,109,118477.5,0.00005
787682805,1755000263769,1755000263888,119,118477.5,0.00002221
787682806,1755000264548,1755000264657,109,118477.5,0.00002221
787682807,1755000264555,1755000264672,117,118477.5,0.0000844
787682808,1755000265764,1755000265879,115,118477.5,0.00409276
787682809,1755000265840,1755000265957,117,118477.5,0.00002582
787682810,1755000265855,1755000265964,109,118477.5,0.00002221
787682811,1755000266887,1755000267001,114,118477.5,0.00002221
787682812,1755000266900,1755000267010,110,118477.5,0.00002221
787682813,1755000267046,1755000267155,109,118477.5,0.00002221
787682816,1755000271442,1755000271555,113,118477.5,0.00239462
787682817,1755000272643,1755000272755,112,118477.5,0.00390596
787682819,1755000273542,1755000273652,110,118477.5,0.12269785
787682820,1755000273542,1755000273652,110,118478.1,0.003
787682821,1755000273544,1755000273654,110,118480,0.016813
787682822,1755000273550,1755000273665,115,118481.2,0.00169416
787682823,1755000273550,1755000273665,115,118484,0.00032316
787682824,1755000273550,1755000273665,115,118484.4,0.00001
787682825,1755000273550,1755000273665,115,118484.8,0.00169416
787682826,1755000273550,1755000273665,115,118485.2,0.003
787682827,1755000273550,1755000273666,116,118485.5,0.00078295
787682828,1755000273550,1755000273666,116,118487.2,0.03
787682829,1755000273550,1755000273666,116,118488,0.00032316
787682830,1755000273550,1755000273666,116,118488.1,0.00001
787682831,1755000273550,1755000273666,116,118488.4,0.00169416
787682832,1755000273550,1755000273666,116,118488.8,0.00056824
787682833,1755000273555,1755000273671,116,118488.8,0.01012967
787682834,1755000273555,1755000273672,117,118491.8,0.00001
787682837,1755000273555,1755000273672,117,118492,0.00336303
787682838,1755000273558,1755000273672,114,118492.1,0.00070611
787682839,1755000278580,1755000278689,109,118493.5,0.00085
787682840,1755000280088,1755000280198,110,118493.4,0.00518746
787682841,1755000280905,1755000281018,113,118493.4,0.00034
787682847,1755000281498,1755000281610,112,118493.4,0.03248364
787682848,1755000281498,1755000281610,112,118492,0.01281974
787682849,1755000281503,1755000281622,119,118488.4,0.00169416
787682850,1755000281513,1755000281628,115,118488,0.00032316
787682851,1755000281513,1755000281628,115,118485.5,0.00078296
787682852,1755000281513,1755000281628,115,118484.8,0.00169416
787682853,1755000281533,1755000281642,109,118484,0.00032316
787682854,1755000281563,1755000281672,109,118482.8,0.003
787682856,1755000281793,1755000281906,113,118482.4,0.00384651
787682857,1755000282486,1755000282595,109,118482.3,0.00042244
787682858,1755000282636,1755000282745,109,118482.4,0.04137407
787682859,1755000284296,1755000284405,109,118482.4,0.00001012
787682860,1755000287691,1755000287805,114,118482.4,0.00041
787682861,1755000291940,1755000292055,115,118482.4,0.00085
787682862,1755000296882,1755000296994,112,118482.4,0.002
787682863,1755000296972,1755000297081,109,118482.4,0.00525164
787682866,1755000297698,1755000297808,110,118482.4,0.070075
787682868,1755000301493,1755000301617,124,118482.3,0.006422
787682869,1755000301493,1755000301617,124,118481.2,0.00169416
787682870,1755000301493,1755000301618,125,118480.9,0.00001
787682871,1755000301493,1755000301618,125,118480.2,0.01723
787682872,1755000301497,1755000301618,121,118480,0.00032316
787682874,1755000301501,1755000301638,137,118477.6,0.0039641
787682876,1755000301613,1755000301726,113,118477.4,0.00642
787682877,1755000301633,1755000301747,114,118476.9,0.0000422
787682878,1755000301633,1755000301747,114,118476.8,0.00039329
787682879,1755000301633,1755000301747,114,118476,0.00032316
787682881,1755000301633,1755000301747,114,118474,0.00170416
787682882,1755000301633,1755000301747,114,118473.3,0.00252439
787682884,1755000301641,1755000301758,117,118472,0.00052438
787682885,1755000301641,1755000301758,117,118471.6,0.00029425
787682886,1755000301643,1755000301758,115,118472,0.00421855
787682887,1755000301643,1755000301758,115,118472.1,0.00010318
787682888,1755000301653,1755000301763,110,118471.6,0.00170575
787682889,1755000301653,1755000301763,110,118470.4,0.00169416
787682890,1755000301663,1755000301777,114,118468.1,0.00039334
787682893,1755000301673,1755000301786,113,118468,0.01063316
787682894,1755000301673,1755000301786,113,118467.6,0.00003161
787682895,1755000301673,1755000301786,113,118466.8,0.00169416
787682896,1755000301674,1755000301786,112,118466.5,0.00005
787682897,1755000301879,1755000301989,110,118466.4,0.000324
787682898,1755000304449,1755000304563,114,118466.4,0.00112531
787682899,1755000305190,1755000305302,112,118466.4,0.00311739
787682900,1755000305962,1755000306074,112,118466.4,0.00844754
787682901,1755000305999,1755000306111,112,118466.4,0.00117384
787682902,1755000308257,1755000308372,115,118466.3,0.0003
787682903,1755000308832,1755000308945,113,118466.3,0.00029418
787682904,1755000313316,1755000313426,110,118466.3,0.00025
787682905,1755000314620,1755000314736,116,118466.3,0.0015813
787682906,1755000316161,1755000316270,109,118466.4,0.00002221
787682908,1755000316603,1755000316715,112,118466.3,0.08039511
787682910,1755000316613,1755000316729,116,118466.3,0.00087113
787682911,1755000316613,1755000316729,116,118465.9,0.0000422
787682912,1755000316613,1755000316729,116,118464,0.00032316
787682913,1755000316613,1755000316729,116,118463.2,0.00169416
787682914,1755000316613,1755000316729,116,118462.5,0.00001
787682915,1755000316613,1755000316729,116,118462,0.00001
787682916,1755000316613,1755000316729,116,118461.7,0.00004642
787682918,1755000316633,1755000316753,120,118460.3,0.01
787682919,1755000316633,1755000316753,120,118460.2,0.002
787682921,1755000316633,1755000316753,120,118460,0.00058405
787682922,1755000316633,1755000316753,120,118459.6,0.00169416
787682923,1755000316633,1755000316753,120,118459.4,0.00039338
787682924,1755000316633,1755000316753,120,118458.8,0.00001
787682925,1755000316633,1755000316753,120,118457.1,0.01716938
787682926,1755000316633,1755000316753,120,118456.9,0.00590932
787682927,1755000316915,1755000317029,114,118456.2,0.00002221
787682928,1755000317540,1755000317654,114,118456.2,0.00002128
787682929,1755000318873,1755000318983,110,118456.1,0.016057
787682934,1755000318873,1755000318983,110,118456,0.01261884
787682935,1755000318959,1755000319082,123,118455,0.00001
787682936,1755000319376,1755000319490,114,118455,0.00055801
787682937,1755000319803,1755000319916,113,118452.4,0.00169416
787682938,1755000319803,1755000319916,113,118452,0.00032316
787682939,1755000319803,1755000319916,113,118450.7,0.00039343
787682940,1755000319803,1755000319916,113,118450.1,0.000205
787682941,1755000319803,1755000319916,113,118448.8,0.00169416
787682943,1755000321826,1755000321943,117,118448.2,0.02272469
787682945,1755000321826,1755000321943,117,118448,0.01062316
787682946,1755000321826,1755000321943,117,118447.8,0.01263276
787682947,1755000321826,1755000321943,117,118446.6,0.02922436
787682948,1755000321826,1755000321943,117,118446,0.0103
787682949,1755000321826,1755000321943,117,118445.2,0.00169416
787682950,1755000321826,1755000321943,117,118444.9,0.02157181
787682953,1755000321826,1755000321943,117,118444,0.01063816
787682954,1755000321826,1755000321943,117,118443.6,0.00004221
787682955,1755000321826,1755000321943,117,118443.4,0.00880639
787682956,1755000322283,1755000322395,112,118443.4,0.00001877
787682957,1755000324001,1755000324115,114,118443.5,0.00085
787682958,1755000324919,1755000325034,115,118443.5,0.00169582
787682959,1755000326216,1755000326328,112,118443.5,0.00092
787682960,1755000327517,1755000327632,115,118443.5,0.00008
787682961,1755000327796,1755000327906,110,118443.5,0.00262914
787682962,1755000328966,1755000329079,113,118443.5,0.00008641
787682963,1755000329226,1755000329339,113,118443.4,0.00016833
787682966,1755000330348,1755000330463,115,118443.4,0.02484165
787682967,1755000330348,1755000330463,115,118443,0.02279049
787682969,1755000330348,1755000330464,116,118442,0.01069347
787682970,1755000330348,1755000330464,116,118441.6,0.00169416
787682971,1755000330348,1755000330464,116,118441,0.02279088
787682972,1755000330348,1755000330464,116,118440.5,0.00001
787682973,1755000330348,1755000330464,116,118440.3,0.01101762
787682979,1755000330348,1755000330464,116,118440,0.01111652
787682980,1755000330348,1755000330464,116,118439.7,0.02151255
787682981,1755000330493,1755000330603,110,118439.8,0.00002222
787682982,1755000330970,1755000331079,109,118439.7,0.00085042
787682983,1755000331564,1755000331677,113,118439.7,0.00001001
787682984,1755000333250,1755000333364,114,118439.8,0.000384
787682985,1755000334279,1755000334392,113,118439.7,0.00536236
787682986,1755000334522,1755000334632,110,118439.7,0.00001001
787682987,1755000335230,1755000335344,114,118439.7,0.00851085
787682988,1755000335898,1755000336008,110,118439.7,0.0081
787682990,1755000335898,1755000336008,110,118439.7,0.01715562
787682991,1755000335898,1755000336008,110,118439.7,0.00258754
787682992,1755000335898,1755000336008,110,118439.5,0.00001055
787682993,1755000335898,1755000336008,110,118438,0.00169416
787682994,1755000335898,1755000336009,111,118437.8,0.01586481
787682995,1755000335899,1755000336014,115,118436.8,0.00001
787682996,1755000335901,1755000336014,113,118436,0.00032316
787682997,1755000335901,1755000336014,113,118434.4,0.00169416
787682999,1755000336968,1755000337081,113,118433.7,0.00579725
787683000,1755000337423,1755000337536,113,118433.7,0.00237148
787683001,1755000337631,1755000337741,110,118433.8,0.00166
787683002,1755000337865,1755000337974,109,118433.8,0.00127159
787683003,1755000338594,1755000338708,114,118433.7,0.00059108
787683004,1755000338594,1755000338709,115,118433.8,0.00085
787683006,1755000338612,1755000338730,118,118433.7,0.00548464
787683007,1755000338727,1755000338840,113,118433.7,0.00295176
787683008,1755000338858,1755000338970,112,118433.8,0.00351842
787683009,1755000346230,1755000346342,112,118433.7,0.00050659
787683010,1755000346678,1755000346790,112,118433.8,0.00355219
787683011,1755000348572,1755000348688,116,118433.7,0.00115187
787683012,1755000354044,1755000354157,113,118433.8,0.00084
787683013,1755000355476,1755000355589,113,118433.7,0.00036169
787683014,1755000355780,1755000355905,125,118433.8,0.00002222
787683015,1755000358972,1755000359087,115,118433.7,0.00001137
787683016,1755000359142,1755000359251,109,118433.7,0.00001137
787683017,1755000360140,1755000360249,109,118433.8,0.00002486
787683018,1755000364183,1755000364295,112,118433.8,0.00016971
787683023,1755000364313,1755000364427,114,118433.8,0.08456656
787683026,1755000364344,1755000364456,112,118433.8,0.05371529
787683027,1755000364356,1755000364465,109,118437.8,0.003
787683028,1755000364356,1755000364465,109,118438,0.00169416
787683030,1755000368051,1755000368165,114,118439.6,0.00011914
787683032,1755000368646,1755000368757,111,118439.7,0.00441321
787683033,1755000369108,1755000369220,112,118439.7,0.00084
787683037,1755000370046,1755000370159,113,118439.6,0.00123771
787683038,1755000371793,1755000371903,110,118434.5,0.00022713
787683039,1755000373981,1755000374090,109,118434.4,0.00017652
787683040,1755000375145,1755000375261,116,118434.5,0.00005633
787683041,1755000375377,1755000375487,110,118434.4,0.00009289
787683045,1755000375606,1755000375719,113,118434.4,0.0016591
787683047,1755000376206,1755000376339,133,118433.7,0.00461557
787683048,1755000376477,1755000376589,112,118433.6,0.0002269
787683049,1755000378106,1755000378226,120,118433.3,0.00039352
787683050,1755000378106,1755000378226,120,118432.9,0.00003669
787683051,1755000378106,1755000378226,120,118432,0.00032316
787683052,1755000378106,1755000378226,120,118431.6,0.00003161
787683053,1755000378636,1755000378745,109,118430.8,0.00169416
787683054,1755000378646,1755000378755,109,118430,0.0001003
787683056,1755000378693,1755000378805,112,118429.2,0.00037
787683057,1755000378708,1755000378826,118,118428.4,0.00004644
787683058,1755000378708,1755000378826,118,118428,0.00032316
787683059,1755000378708,1755000378826,118,118427.2,0.00169416
787683060,1755000379508,1755000379620,112,118426.2,0.00002365
787683065,1755000379944,1755000380053,109,118426.2,0.069153
787683066,1755000379956,1755000380065,109,118424.6,0.00039356
787683067,1755000379956,1755000380066,110,118424.3,0.00001
787683069,1755000379956,1755000380066,110,118424,0.00052438
787683070,1755000379956,1755000380066,110,118423.6,0.00169416
787683071,1755000379956,1755000380066,110,118422.9,0.00000001
787683072,1755000379966,1755000380076,110,118421,0.00320079
787683073,1755000379966,1755000380076,110,118420.9,0.00004222
787683074,1755000379966,1755000380076,110,118420.4,0.00001501
787683076,1755000380096,1755000380208,112,118420.2,0.01
787683077,1755000380096,1755000380208,112,118420.1,0.002
787683080,1755000380096,1755000380208,112,118420,0.00227821
787683081,1755000380096,1755000380208,112,118419,0.00083608
787683082,1755000380096,1755000380208,112,118418.5,0.00001
787683083,1755000380096,1755000380208,112,118418.3,0.00001
787683084,1755000380096,1755000380208,112,118416.4,0.00169416
787683085,1755000380096,1755000380208,112,118416,0.00032316
787683086,1755000380096,1755000380208,112,118415.9,0.0003936
787683087,1755000380096,1755000380208,112,118415,0.00001
787683088,1755000380096,1755000380208,112,118414.5,0.00852038
787683089,1755000380096,1755000380208,112,118412.8,0.00169416
787683090,1755000381054,1755000381169,115,118412.6,0.00004221
787683091,1755000381079,1755000381188,109,118412.6,0.0014
787683095,1755000381616,1755000381735,119,118412.5,0.04559803
787683096,1755000381616,1755000381735,119,118412,0.00000197
787683097,1755000381616,1755000381735,119,118412,0.00032119
787683098,1755000381616,1755000381735,119,118411.8,0.01273352
787683099,1755000381616,1755000381735,119,118411.1,0.00001
787683100,1755000381616,1755000381735,119,118410,0.00724551
787683101,1755000381616,1755000381735,119,118409.2,0.00169416
787683102,1755000381616,1755000381735,119,118409,0.00011921
787683103,1755000381616,1755000381735,119,118408.6,0.00724551
787683104,1755000381616,1755000381735,119,118408.4,0.0162309
787683105,1755000381617,1755000381735,118,118408.4,0.01317866
787683107,1755000381617,1755000381735,118,118408,0.00052438
787683108,1755000381617,1755000381735,118,118407.6,0.00004493
787683109,1755000381617,1755000381735,118,118407.4,0.00001
787683110,1755000381617,1755000381735,118,118407.2,0.00039365
787683111,1755000381617,1755000381736,119,118406.5,0.02584838
787683112,1755000381617,1755000381736,119,118406.5,0.00130844
787683113,1755000381617,1755000381736,119,118406,0.01776234
787683114,1755000381617,1755000381736,119,118405.7,0.00001
787683115,1755000381617,1755000381736,119,118405.6,0.00169416
787683116,1755000381617,1755000381736,119,118405.4,0.01494651
787683118,1755000381617,1755000381736,119,118405.3,0.00011169
787683119,1755000381617,1755000381736,119,118404.8,0.00001558
787683120,1755000381617,1755000381736,119,118404.3,0.00025336
787683122,1755000381617,1755000381736,119,118404,0.00042346
787683123,1755000381617,1755000381736,119,118402.9,0.00006947
787683124,1755000381617,1755000381736,119,118402.8,0.03666616
787683126,1755000381617,1755000381736,119,118402.4,0.01
787683127,1755000381617,1755000381740,123,118402.3,0.002
787683128,1755000381617,1755000381741,124,118402,0.00169416
787683129,1755000381617,1755000381741,124,118401.8,0.1167072
787683130,1755000381617,1755000381741,124,118401.7,0.00006947
787683131,1755000381617,1755000381741,124,118401.6,0.01689128
787683132,1755000381619,1755000381741,122,118400.1,0.00001
787683140,1755000381619,1755000381741,122,118400,0.00295848
787683141,1755000381619,1755000381741,122,118398.8,0.043
787683142,1755000381619,1755000381741,122,118398.4,0.00169416
787683143,1755000381619,1755000381741,122,118397.9,0.04
787683144,1755000381619,1755000381747,128,118396.5,0.00001
787683145,1755000381619,1755000381747,128,118396,0.00032316
787683146,1755000381619,1755000381747,128,118395.8,0.04143728
787683147,1755000381619,1755000381747,128,118395.6,0.00003161
787683148,1755000381619,1755000381747,128,118395.1,0.00004645
787683149,1755000381619,1755000381747,128,118394.8,0.00169416
787683151,1755000381619,1755000381747,128,118394.1,0.086
787683152,1755000381619,1755000381747,128,118394,0.23476265
787683154,1755000381631,1755000381758,127,118392,0.00052438
787683155,1755000381631,1755000381758,127,118391.2,0.00169416
787683156,1755000381646,1755000381770,124,118389.2,0.00109553
787683157,1755000381657,1755000381770,113,118389.2,0.00042
787683158,1755000381657,1755000381770,113,118389.2,0.00042
787683159,1755000381657,1755000381770,113,118389.2,0.00042
787683160,1755000381657,1755000381770,113,118389.2,0.00042
787683161,1755000381700,1755000381818,118,118389.2,0.00019
787683162,1755000381936,1755000382046,110,118389.2,0.00008446
787683163,1755000382690,1755000382800,110,118389.2,0.00013883
787683164,1755000384201,1755000384314,113,118389.2,0.00050595
787683165,1755000384295,1755000384404,109,118389.2,0.00037996
787683166,1755000385254,1755000385363,109,118389.2,0.00083
787683167,1755000386946,1755000387063,117,118389.2,0.03057
787683168,1755000388243,1755000388356,113,118389.2,0.01687822
787683169,1755000389999,1755000390109,110,118389.2,0.000037
787683170,1755000392729,1755000392838,109,118389.2,0.01687822
787683171,1755000392923,1755000393037,114,118389.2,0.00011127
787683172,1755000396622,1755000396733,111,118389.2,0.00845089
787683173,1755000398070,1755000398183,113,118389.2,0.00083
787683174,1755000398437,1755000398548,111,118389.2,0.00158905
787683175,1755000398773,1755000398882,109,118389.2,0.006
787683178,1755000400358,1755000400472,114,118389.1,0.00155367
787683179,1755000400537,1755000400647,110,118389.2,0.01895227
787683180,1755000400537,1755000400647,110,118389.2,0.01895227
787683181,1755000400537,1755000400647,110,118389.2,0.01483338
787683182,1755000401323,1755000401432,109,118389.2,0.0002246
787683183,1755000403081,1755000403194,113,118389.1,0.00039
787683187,1755000404046,1755000404155,109,118389.2,0.006
787683188,1755000405100,1755000405210,110,118389.2,0.01261467
787683189,1755000405956,1755000406064,108,118389.2,0.006
787683190,1755000406181,1755000406307,126,118389.2,0.00005068
787683191,1755000406405,1755000406515,110,118389.1,0.00022437
787683192,1755000406609,1755000406718,109,118389.1,0.0001
787683193,1755000409941,1755000410053,112,118389.2,0.00002673
787683195,1755000411945,1755000412070,125,118389.2,0.00083
787683196,1755000412037,1755000412152,115,118389.2,0.00002538
787683198,1755000412037,1755000412152,115,118389.2,0.00002538
787683199,1755000412037,1755000412152,115,118389.2,0.00002538
787683200,1755000412037,1755000412152,115,118389.2,0.00002538
787683201,1755000412037,1755000412152,115,118389.2,0.00002538
787683202,1755000412037,1755000412152,115,118389.2,0.00002538
787683203,1755000412037,1755000412152,115,118389.2,0.00002538
787683204,1755000412037,1755000412152,115,118389.2,0.00002538
787683205,1755000412037,1755000412152,115,118389.2,0.00002538
787683206,1755000412037,1755000412152,115,118389.2,0.00002538
787683207,1755000412037,1755000412152,115,118389.2,0.00002538
787683208,1755000412037,1755000412152,115,118389.2,0.00002538
787683209,1755000412037,1755000412152,115,118389.2,0.00002538
787683210,1755000412037,1755000412152,115,118389.2,0.00002538
787683211,1755000412037,1755000412152,115,118389.2,0.00002538
787683212,1755000412037,1755000412152,115,118389.2,0.00002538
787683213,1755000412037,1755000412152,115,118389.2,0.00002538
787683214,1755000412037,1755000412153,116,118389.2,0.00002538
787683215,1755000412037,1755000412155,118,118389.2,0.00002538
787683216,1755000412037,1755000412156,119,118389.2,0.00002538
787683217,1755000412037,1755000412156,119,118389.2,0.00002538
787683218,1755000412037,1755000412156,119,118389.2,0.00002538
787683219,1755000412037,1755000412156,119,118389.2,0.00002538
787683220,1755000412037,1755000412156,119,118389.2,0.00002538
787683221,1755000412037,1755000412156,119,118389.2,0.00002538
787683222,1755000412037,1755000412156,119,118389.2,0.00002538
787683223,1755000412037,1755000412156,119,118389.2,0.00002538
787683224,1755000412037,1755000412156,119,118389.2,0.00002538
787683225,1755000412037,1755000412156,119,118389.2,0.00002538
787683226,1755000412037,1755000412156,119,118389.2,0.00002538
787683227,1755000412037,1755000412157,120,118389.2,0.00002538
787683228,1755000412037,1755000412158,121,118389.2,0.00002538
787683229,1755000412037,1755000412159,122,118389.2,0.00002538
787683230,1755000412037,1755000412159,122,118389.2,0.00002538
787683231,1755000412037,1755000412159,122,118389.2,0.00002538
787683232,1755000412037,1755000412159,122,118389.2,0.00002538
787683233,1755000412037,1755000412159,122,118389.2,0.00002538
787683234,1755000412037,1755000412159,122,118389.2,0.00002538
787683235,1755000412037,1755000412159,122,118389.2,0.00002538
