tradeID,ts_exchange_ms,ts_received_ms,delay,price,volume
371102234,1754999097887,1754999097.9951684,1,0.22071,214.657242
371102235,1754999101030,1754999101.1392093,1,0.22065,8542.909208
371102237,1754999101031,1754999101.1392841,1,0.22064,2276.13488
371102238,1754999101031,1754999101.1393077,1,0.22063,223.86512
371102239,1754999101033,1754999101.1445537,1,0.22063,9776.13488
371102240,1754999101036,1754999101.144623,1,0.22062,10000
371102241,1754999101042,1754999101.1533465,1,0.22061,183.202033
371102249,1754999101061,1754999101.1688673,1,0.2206,205.635392
371102250,1754999101072,1754999101.3144755,1,0.22059,10.206222
371102252,1754999101202,1754999101.3147418,1,0.22056,25
371102254,1754999102641,1754999102.7525878,1,0.2206,20
371102255,1754999102807,1754999102.9151938,1,0.22062,20.607226
371102256,1754999104652,1754999104.759569,1,0.2206,226.466515
371102257,1754999105116,1754999105.2245364,1,0.22064,11
371102289,1754999144561,1754999144676,115,0.22098,14191.946291
371102292,1754999144561,1754999144676,115,0.22099,15808.053709
371102294,1754999148243,1754999148353,110,0.221,13328.698376
371102295,1754999148243,1754999148353,110,0.221,3923.167906
371102296,1754999148244,1754999148353,109,0.221,46314.488991
371102297,1754999148244,1754999148353,109,0.221,136628.16202
371102298,1754999148245,1754999148354,109,0.221,12558.158822
371102299,1754999148245,1754999148354,109,0.221,5617
371102300,1754999148245,1754999148354,109,0.221,20293.838056
371102301,1754999148245,1754999148354,109,0.221,27935.759853
371102302,1754999148245,1754999148354,109,0.221,30531.158822
371102303,1754999148245,1754999148354,109,0.221,2226.036861
371102304,1754999148245,1754999148370,125,0.221,5785.896822
371102305,1754999148245,1754999148370,125,0.221,11485.451293
371102306,1754999148245,1754999148370,125,0.221,8775
371102307,1754999148246,1754999148370,124,0.221,16279.9466
371102308,1754999148246,1754999148370,124,0.221,8775
371102309,1754999148246,1754999148370,124,0.221,3934.60262
371102310,1754999148246,1754999148370,124,0.221,6847.827292
371102311,1754999148246,1754999148370,124,0.221,4957.326787
371102312,1754999148246,1754999148370,124,0.221,2716.440937
371102313,1754999148247,1754999148371,124,0.221,2605.209117
371102314,1754999148247,1754999148371,124,0.221,375
371102315,1754999148247,1754999148371,124,0.221,8983.844635
371102316,1754999148247,1754999148371,124,0.221,3682.529602
371102317,1754999148248,1754999148376,128,0.221,7242
371102318,1754999148248,1754999148376,128,0.221,12083.3998
371102319,1754999148248,1754999148376,128,0.221,27259.843205
371102323,1754999148298,1754999148404,106,0.22104,1086.071138
371102325,1754999151164,1754999151271,107,0.22102,2996.974704
371102326,1754999151270,1754999151381,111,0.22102,24.591092
371103248,1754999973860,1754999973973,113,0.22163,104.181804
371103250,1754999975127,1754999975240,113,0.2216,25
371103251,1754999975435,1754999975545,110,0.22157,187.114729
371103253,1754999979313,1754999979422,109,0.22156,5975.834085
371103254,1754999985571,1754999985684,113,0.22155,18.453165
371103255,1754999986364,1754999986482,118,0.22152,10
371103257,1754999991131,1754999991248,117,0.2215,116.5338
371103258,1754999991183,1754999991299,116,0.22149,1234.9646
371103259,1754999991194,1754999991303,109,0.22149,0.000047
371103261,1754999991716,1754999991828,112,0.22149,3093.188405
371103263,1754999992593,1754999992709,116,0.22146,10.102058
371103264,1754999993975,1754999994122,147,0.22147,3547.466547
371103267,1754999993975,1754999994122,147,0.22147,8625.957631
371103269,1754999993976,1754999994122,146,0.22148,6333.746639
371103270,1754999993976,1754999994122,146,0.22148,1631.358945
371103272,1754999993978,1754999994134,156,0.22149,5330.47488
371103273,1754999993978,1754999994145,167,0.22149,10000
371103275,1754999993978,1754999994145,167,0.2215,15218.57968
371103276,1754999993993,1754999994193,200,0.22151,451.345008
371103278,1754999994037,1754999994197,160,0.22152,2257.846015
371103280,1754999994043,1754999994200,157,0.22153,5000
371103281,1755000000221,1755000000331,110,0.22148,10
371103282,1755000000596,1755000000706,110,0.22147,13.545852
371103283,1755000000746,1755000000855,109,0.22144,10
371103284,1755000001405,1755000001526,121,0.22142,10000
371103285,1755000001406,1755000001526,120,0.22141,5405.075433
371103290,1755000001410,1755000001526,116,0.2214,10930.478982
371103292,1755000001983,1755000002097,114,0.2214,397.811484
371103293,1755000002905,1755000003018,113,0.22143,22.580499
371103295,1755000003432,1755000003542,110,0.22144,247.593457
371103297,1755000004543,1755000004670,127,0.22145,9658.09791
371103298,1755000004543,1755000004670,127,0.22145,1151.761232
371103301,1755000004546,1755000004670,124,0.22146,215.134323
371103302,1755000004651,1755000004760,109,0.22148,10
371103303,1755000005404,1755000005517,113,0.22149,13.544629
371103304,1755000005504,1755000005620,116,0.22149,45.148765
371103305,1755000006729,1755000006845,116,0.22151,55.073815
371103306,1755000009395,1755000009505,110,0.22154,22.569287
371103308,1755000009827,1755000009943,116,0.22154,262.966012
371103310,1755000011238,1755000011348,110,0.22155,10610.370349
371103312,1755000011238,1755000011348,110,0.22156,1480.398051
371103313,1755000012605,1755000012718,113,0.22158,45.130426
371103314,1755000012792,1755000012901,109,0.22156,20
371103315,1755000014395,1755000014506,111,0.22155,13.540961
371103321,1755000014765,1755000014876,111,0.22154,9026.900162
371103323,1755000015381,1755000015490,109,0.22156,27.122731
371103324,1755000016097,1755000016207,110,0.22157,988.635747
371103325,1755000016106,1755000016216,110,0.22157,27.079478
371103326,1755000016395,1755000016505,110,0.22157,10.290201
371103328,1755000016722,1755000016844,122,0.22156,13313.520313
371103330,1755000016849,1755000016970,121,0.2216,20
371103331,1755000016883,1755000016998,115,0.22163,451.385754
371103333,1755000017640,1755000017754,114,0.22164,33.838657
371103334,1755000018197,1755000018309,112,0.22163,18.048098
371103335,1755000019688,1755000019800,112,0.22162,224.608058
371103336,1755000020218,1755000020340,122,0.22161,94.9602
371103340,1755000022789,1755000022907,118,0.22164,8443.643039
371103341,1755000022793,1755000022907,114,0.22164,8460.216961
371103342,1755000022793,1755000022907,114,0.22163,3616.547469
371103344,1755000023102,1755000023212,110,0.2216,30
371103346,1755000023789,1755000023899,110,0.22156,35
371103347,1755000024511,1755000024622,111,0.22156,153.457302
371103348,1755000026405,1755000026515,110,0.22159,11.778509
371103349,1755000028073,1755000028182,109,0.22159,22.564195
371103350,1755000028599,1755000028710,111,0.22158,27.12273
371103351,1755000028846,1755000028957,111,0.22156,20
371103352,1755000028908,1755000029019,111,0.22155,22.568269
371103354,1755000030490,1755000030603,113,0.22154,917.628906
371103355,1755000032178,1755000032290,112,0.22152,15
371103356,1755000032202,1755000032311,109,0.22151,13.510568
371103357,1755000033009,1755000033124,115,0.22151,893.864836
371103358,1755000034370,1755000034486,116,0.2215,235.908052
371103359,1755000034967,1755000035146,179,0.22151,2500
371103360,1755000034969,1755000035146,177,0.22152,10
371103361,1755000034978,1755000035147,169,0.22153,2575
371103362,1755000034983,1755000035147,164,0.22154,235.886755
371103364,1755000034996,1755000035147,151,0.22154,451.385754
371103365,1755000035212,1755000035328,116,0.22156,10
371103366,1755000038802,1755000038917,115,0.22159,18.824193
371103367,1755000039755,1755000039864,109,0.2216,847.23
371103368,1755000042493,1755000042605,112,0.22161,1233.976675
371103369,1755000044461,1755000044573,112,0.22164,10
371103370,1755000051462,1755000051572,110,0.22167,104.164401
371103372,1755000055912,1755000056022,110,0.2217,8221.732922
371103373,1755000056116,1755000056225,109,0.22172,10
371103374,1755000060817,1755000060929,112,0.2217,22.298985
371103376,1755000063517,1755000063627,110,0.22169,377.096783
371103377,1755000064060,1755000064178,118,0.22168,15
371103379,1755000064334,1755000064445,111,0.22164,35
371103380,1755000064383,1755000064492,109,0.22163,235.765763
371103383,1755000064491,1755000064603,112,0.2216,45
371103384,1755000064762,1755000064872,110,0.22157,451.202455
371103387,1755000064858,1755000064972,114,0.22156,200.523745
371103388,1755000065602,1755000065720,118,0.22153,50
371103389,1755000066589,1755000066702,113,0.22152,20
371103392,1755000066724,1755000066834,110,0.2215,838.82858
371103393,1755000067237,1755000067350,113,0.22148,20
371103394,1755000067789,1755000067910,121,0.22145,451.40613
371103395,1755000070502,1755000070613,111,0.22148,9970.030567
371103398,1755000070502,1755000070614,112,0.22148,2576.969433
371103399,1755000070502,1755000070614,112,0.22149,4034.356227
371103401,1755000070502,1755000070614,112,0.22149,12257.48922
371103402,1755000070502,1755000070614,112,0.2215,2000
371103403,1755000070777,1755000070893,116,0.22148,20
371103404,1755000071223,1755000071332,109,0.22148,10
371103406,1755000076320,1755000076432,112,0.22154,277.441733
371103407,1755000081781,1755000081894,113,0.22156,10
371103408,1755000083698,1755000083811,113,0.22157,50
371103410,1755000084650,1755000084760,110,0.22156,922.628906
371103411,1755000086841,1755000086950,109,0.22153,319.111893
371103412,1755000088729,1755000088839,110,0.22152,902.710387
371103413,1755000088729,1755000088839,110,0.22151,8546.728074
371103414,1755000088729,1755000088839,110,0.22151,1453.271926
371103415,1755000088729,1755000088839,110,0.2215,2000
371103416,1755000088915,1755000089030,115,0.2215,235.908055
371103419,1755000089932,1755000090041,109,0.22148,131.808721
371103420,1755000095635,1755000095745,110,0.22143,41.780698
371103421,1755000099225,1755000099340,115,0.22144,813.885859
371103422,1755000102732,1755000102842,110,0.22144,10
371103423,1755000102774,1755000102898,124,0.22145,2339
371103424,1755000102915,1755000103025,110,0.22148,10
371103425,1755000102917,1755000103028,111,0.22149,15
371103426,1755000102918,1755000103028,110,0.2215,3995.104585
371103427,1755000105271,1755000105381,110,0.22148,20
371103429,1755000105592,1755000105708,116,0.22144,35
371103431,1755000107905,1755000108018,113,0.2214,281
371103432,1755000107905,1755000108018,113,0.2214,375
371103433,1755000107905,1755000108018,113,0.2214,517.321966
371103435,1755000107907,1755000108019,112,0.22138,6987.071711
371103437,1755000111232,1755000111342,110,0.22137,1007.809773
371103438,1755000111275,1755000111384,109,0.22136,10
371103440,1755000111355,1755000111469,114,0.22135,14940
371103441,1755000111407,1755000111525,118,0.22135,16400
371103442,1755000111408,1755000111525,117,0.22135,32884.27778
371103443,1755000111410,1755000111525,115,0.22135,8375
371103444,1755000111410,1755000111525,115,0.22135,12683.462727
371103445,1755000111410,1755000111525,115,0.22135,9291
371103446,1755000111410,1755000111525,115,0.22135,375
371103447,1755000111410,1755000111525,115,0.22135,36936.889792
371103448,1755000111410,1755000111525,115,0.22135,4061.861776
371103449,1755000111411,1755000111525,114,0.22135,8775
371103450,1755000111411,1755000111525,114,0.22135,231.219
371103451,1755000111411,1755000111534,123,0.22135,8775
371103452,1755000111447,1755000111556,109,0.22135,2500
371103453,1755000111483,1755000111593,110,0.22135,28401.706817
371103454,1755000111484,1755000111593,109,0.22135,37696.810865
371103456,1755000111910,1755000112026,116,0.22133,961.137524
371103458,1755000111910,1755000112026,116,0.22132,35
371103461,1755000111910,1755000112026,116,0.2213,83.862476
371103462,1755000113301,1755000113412,111,0.22132,10
371103463,1755000113301,1755000113412,111,0.22133,15
371103465,1755000113301,1755000113412,111,0.22134,6279.103867
371103468,1755000113316,1755000113425,109,0.22133,3140
371103469,1755000126892,1755000127118,226,0.22133,2509.969494
371103470,1755000126924,1755000127118,194,0.22136,10
371103472,1755000128568,1755000128683,115,0.22133,17026.074182
371103473,1755000128664,1755000128778,114,0.22132,10
371103474,1755000128664,1755000128778,114,0.22131,39
371103480,1755000129041,1755000129151,110,0.2213,12024.439378
371103481,1755000133301,1755000133418,117,0.2213,9122.749031
371103482,1755000133301,1755000133418,117,0.2213,2253
371103483,1755000133301,1755000133418,117,0.2213,6599.811591
371103485,1755000133303,1755000133418,115,0.22129,203.41553
371103487,1755000133303,1755000133418,115,0.22128,25
371103488,1755000133303,1755000133418,115,0.22127,2271.58447
371103489,1755000135384,1755000135494,110,0.22127,5610
371103490,1755000135384,1755000135494,110,0.22128,10
371103492,1755000135386,1755000135500,114,0.2213,2702.448318
371103493,1755000142252,1755000142366,114,0.22131,50
371103495,1755000143498,1755000143610,112,0.22132,15.613591
371103496,1755000145918,1755000146029,111,0.22134,50
371103497,1755000145997,1755000146112,115,0.22136,10
371103499,1755000146068,1755000146177,109,0.22137,100
371103500,1755000147706,1755000147821,115,0.22137,4787.947468
371103501,1755000151104,1755000151248,144,0.22137,10000
371103503,1755000151104,1755000151253,149,0.22138,12270
371103504,1755000151105,1755000151268,163,0.22138,4525.787584
371103507,1755000151105,1755000151268,163,0.22139,28025.089955
371103508,1755000151106,1755000151279,173,0.22139,10775.318599
371103510,1755000151108,1755000151279,171,0.2214,10010
371103511,1755000151111,1755000151291,180,0.22141,4455.97399
371103512,1755000151113,1755000151291,178,0.22141,3383.712985
371103516,1755000151113,1755000151291,178,0.22141,23844.420174
371103518,1755000151116,1755000151292,176,0.22141,2409.643088
371103519,1755000151122,1755000151292,170,0.22141,375
371103520,1755000156458,1755000156572,114,0.22144,19.712579
371103521,1755000156660,1755000156770,110,0.22144,240.36741
371103522,1755000156662,1755000156772,110,0.22144,0.000009
371103523,1755000159195,1755000159304,109,0.22145,172.889835
371103526,1755000160122,1755000160235,113,0.22145,4699.8427
371103527,1755000162732,1755000162847,115,0.22148,45.150803
371103528,1755000166866,1755000166975,109,0.22146,15
371103530,1755000167337,1755000167453,116,0.2214,3537.2683
371103532,1755000167353,1755000167463,110,0.22137,688.821693
371103533,1755000167353,1755000167463,110,0.22136,1570.044356
371103534,1755000167387,1755000167505,118,0.22136,10
371103535,1755000167387,1755000167506,119,0.22135,39.999222
371103536,1755000167387,1755000167506,119,0.22134,2450.000778
371103541,1755000167398,1755000167509,111,0.22134,5000
371103542,1755000167822,1755000167931,109,0.22136,10
371103543,1755000171171,1755000171285,114,0.22143,451.609989
371103546,1755000177493,1755000177606,113,0.22142,7656.370852
371103548,1755000177852,1755000177965,113,0.22144,270.084678
371103549,1755000179307,1755000179416,109,0.22147,10
371103550,1755000179744,1755000179857,113,0.22146,2232.82625
371103551,1755000180722,1755000180830,108,0.2215,258
371103552,1755000180722,1755000180831,109,0.2215,2710
371103554,1755000180723,1755000180832,109,0.2215,2515.031793
371103555,1755000180726,1755000180837,111,0.22151,15
371103556,1755000181445,1755000181566,121,0.22149,61.698457
371103557,1755000187790,1755000187901,111,0.22149,816.912515
371103558,1755000187874,1755000187984,110,0.22148,10
371103561,1755000189082,1755000189197,115,0.2214,5501.818596
371103562,1755000191645,1755000191754,109,0.2214,10
371103563,1755000197798,1755000197907,109,0.22137,260.125801
371103564,1755000198926,1755000199038,112,0.22135,250
371103565,1755000199274,1755000199387,113,0.22135,3398.475769
371103566,1755000200426,1755000200539,113,0.22133,45.181403
371103567,1755000206057,1755000206167,110,0.22131,624.706972
371103568,1755000211612,1755000211724,112,0.22131,36.267773
371103569,1755000212940,1755000213049,109,0.2213,12.25634
371103570,1755000213871,1755000213986,115,0.22126,15
371103571,1755000218256,1755000218369,113,0.22128,268.020511
371103572,1755000219490,1755000219603,113,0.22128,10
371103573,1755000219732,1755000219842,110,0.2213,50
371103574,1755000221068,1755000221180,112,0.22129,2500
371103575,1755000221069,1755000221181,112,0.22129,1850
371103576,1755000229759,1755000229874,115,0.22128,10
371103577,1755000234813,1755000234925,112,0.22127,13
371103579,1755000237639,1755000237751,112,0.22127,927
371103587,1755000239274,1755000239388,114,0.22126,28759.854074
371103589,1755000239274,1755000239388,114,0.22125,11517.87694
371103595,1755000239274,1755000239388,114,0.22124,21608.496619
371103599,1755000239274,1755000239388,114,0.22123,28182.696284
371103607,1755000239274,1755000239388,114,0.22122,45532.69471
371103608,1755000239285,1755000239395,110,0.22122,5610
371103609,1755000239288,1755000239398,110,0.22124,10
371103610,1755000239288,1755000239398,110,0.22126,4283.300192
371103611,1755000245037,1755000245147,110,0.22127,10214
371103612,1755000245038,1755000245148,110,0.22127,778
371103614,1755000245053,1755000245162,109,0.22128,23.497058
371103615,1755000245382,1755000245500,118,0.22131,260.245134
371103617,1755000250991,1755000251100,109,0.22136,25
371103618,1755000251291,1755000251403,112,0.22135,54.212785
371103619,1755000251716,1755000251825,109,0.22132,10
371103621,1755000255433,1755000255545,112,0.22129,395.78198
371103622,1755000256767,1755000256880,113,0.22132,10
371103625,1755000259821,1755000259936,115,0.22135,16331.81388
371103626,1755000259822,1755000259937,115,0.22134,10000
371103627,1755000259822,1755000259947,125,0.22133,10000
371103628,1755000264053,1755000264170,117,0.22136,10
371103630,1755000268562,1755000268675,113,0.2214,20
371103631,1755000268562,1755000268675,113,0.22141,10000
371103632,1755000268562,1755000268675,113,0.22142,2000
371103633,1755000268562,1755000268675,113,0.22142,8000
371103635,1755000269060,1755000269170,110,0.2214,20
371103637,1755000281169,1755000281284,115,0.22136,1080
371103638,1755000282793,1755000282903,110,0.22133,18.066847
371103639,1755000284452,1755000284561,109,0.22133,1355.4421
371103640,1755000285890,1755000286006,116,0.22133,18.066847
371103641,1755000288010,1755000288122,112,0.22133,167.08908
371103642,1755000288054,1755000288163,109,0.22136,10
371103643,1755000289457,1755000289570,113,0.22137,18.066847
371103644,1755000290225,1755000290335,110,0.22137,119.408557
371103645,1755000291098,1755000291208,110,0.22136,10
371103646,1755000292178,1755000292288,110,0.22133,85.300012
371103648,1755000292181,1755000292290,109,0.22135,10895.97433
371103649,1755000292183,1755000292294,111,0.22135,2467.392916
371103650,1755000292186,1755000292299,113,0.22136,10
371103651,1755000292604,1755000292717,113,0.22139,18.066847
371103652,1755000296307,1755000296419,112,0.22136,18.066847
371103653,1755000297797,1755000297907,110,0.22139,18
371103654,1755000300100,1755000300213,113,0.2214,18.066847
371103655,1755000300173,1755000300283,110,0.2214,347.239459
371103657,1755000301493,1755000301617,124,0.2214,20
371103659,1755000301498,1755000301618,120,0.22136,25
371103660,1755000301498,1755000301618,120,0.22135,10000
371103661,1755000301513,1755000301642,129,0.22133,451.834448
371103665,1755000301542,1755000301652,110,0.22132,2500
371103667,1755000301646,1755000301758,112,0.22132,2500
371103669,1755000302033,1755000302143,110,0.22134,8365.49
371103670,1755000302052,1755000302162,110,0.22136,10
371103671,1755000304549,1755000304658,109,0.22133,18.066847
371103672,1755000314052,1755000314166,114,0.22131,28.631065
371103673,1755000314656,1755000314768,112,0.22129,18.066847
371103674,1755000315282,1755000315392,110,0.22128,10.499464
371103675,1755000316148,1755000316261,113,0.22128,6656.739967
371103676,1755000317632,1755000317741,109,0.22128,18.066847
371103678,1755000319250,1755000319364,114,0.22127,688.098877
371103679,1755000320565,1755000320679,114,0.22125,18.066847
371103680,1755000323568,1755000323683,115,0.22119,18.066847
371103681,1755000325384,1755000325501,117,0.22121,3881.193186
371103682,1755000325574,1755000325684,110,0.22123,86.043504
371103683,1755000329802,1755000329915,113,0.22119,16.688112
371103684,1755000335773,1755000335891,118,0.22118,15.000001
371103686,1755000335880,1755000335992,112,0.22116,20.293498
371103688,1755000335883,1755000335992,109,0.22115,128.17912
371103689,1755000335900,1755000336014,114,0.22114,104.52827
371103690,1755000337666,1755000337778,112,0.22113,18.084
371103691,1755000337705,1755000337819,114,0.22112,10.102057
371103693,1755000337775,1755000337887,112,0.22112,2000
371103695,1755000338992,1755000339101,109,0.22111,100.533592
371103696,1755000338996,1755000339105,109,0.22111,678.395368
371103697,1755000339471,1755000339581,110,0.2211,12.25634
371103698,1755000339614,1755000339732,118,0.22108,10
371103699,1755000339616,1755000339732,116,0.22107,50
371103700,1755000340679,1755000340798,119,0.22106,10.139504
371103701,1755000345438,1755000345547,109,0.22104,689.693
371103708,1755000347799,1755000347914,115,0.22104,31945.279278
371103710,1755000347799,1755000347914,115,0.22105,6843.181818
371103711,1755000348653,1755000348763,110,0.22103,101.442628
371103712,1755000348777,1755000348889,112,0.22103,74.179495
371103713,1755000352124,1755000352242,118,0.22103,896.377877
371103715,1755000352124,1755000352243,119,0.22102,281.536155
371103717,1755000352124,1755000352243,119,0.22101,154.624453
371103721,1755000352124,1755000352243,119,0.221,667.461515
371103725,1755000352124,1755000352243,119,0.221,2142.067481
371103726,1755000352124,1755000352243,119,0.22099,196.553357
371103728,1755000352124,1755000352243,119,0.22098,4631.379161
371103729,1755000352151,1755000352260,109,0.22098,5610
371103731,1755000352211,1755000352323,112,0.221,20
371103732,1755000357255,1755000357368,113,0.22103,1732.588413
371103733,1755000357717,1755000357829,112,0.22104,452.406804
371103735,1755000358285,1755000358397,112,0.22102,64.67621
371103736,1755000360104,1755000360220,116,0.22105,236
371103737,1755000360105,1755000360220,115,0.22105,0.425582
371103738,1755000360110,1755000360227,117,0.22107,15
371103740,1755000360113,1755000360228,115,0.22108,4206.954442
371103741,1755000361243,1755000361355,112,0.22111,56.629066
371103742,1755000363739,1755000363853,114,0.2211,45.228403
371103743,1755000368959,1755000369068,109,0.22104,10
371103744,1755000369442,1755000369554,112,0.22104,10
371103745,1755000371034,1755000371144,110,0.22108,10
371103747,1755000375547,1755000375657,110,0.22104,25
371103748,1755000378597,1755000378708,111,0.22101,236.450933
371103749,1755000379872,1755000379984,112,0.221,2299.4687
371103750,1755000381573,1755000381692,119,0.22096,3691.762581
371103751,1755000381632,1755000381758,126,0.22095,18.453165
371103753,1755000381846,1755000381956,110,0.22093,1070
371103760,1755000383046,1755000383158,112,0.22092,18969.844967
371103761,1755000383046,1755000383160,114,0.22091,6437.466382
371103767,1755000383046,1755000383160,114,0.2209,14570.20514
371103772,1755000383047,1755000383160,113,0.22089,2500
371103774,1755000383071,1755000383182,111,0.2209,7388.87122
371103775,1755000386756,1755000386869,113,0.22088,104.71287
371103778,1755000387251,1755000387361,110,0.22086,362.747195
371103780,1755000387258,1755000387368,110,0.22085,59.650291
371103782,1755000387870,1755000387984,114,0.22085,12
371103783,1755000389258,1755000389370,112,0.22084,638
371103784,1755000390230,1755000390341,111,0.22084,0.294127
371103788,1755000390230,1755000390341,111,0.22083,52.705873
371103789,1755000390230,1755000390341,111,0.22083,0.069711
371103790,1755000392887,1755000392998,111,0.22083,20
371103791,1755000396414,1755000396525,111,0.22085,35.025684
371103792,1755000396589,1755000396699,110,0.22088,10
371103794,1755000396793,1755000396903,110,0.22092,246.570003
371103795,1755000399346,1755000399460,114,0.22093,93.359435
371103796,1755000399870,1755000399979,109,0.22094,4264.34
371103797,1755000401296,1755000401408,112,0.22092,10
371103798,1755000404907,1755000405020,113,0.22096,10
371103800,1755000405472,1755000405581,109,0.22092,25
371103801,1755000405717,1755000405831,114,0.2209,15.000001
371103803,1755000406841,1755000406961,120,0.22088,246.595381
371103804,1755000407552,1755000407662,110,0.22084,10
371103806,1755000407552,1755000407662,110,0.22082,960
371103807,1755000413487,1755000413604,117,0.22081,3199.054669
371103819,1755000413487,1755000413604,117,0.2208,21800.945331
371103820,1755000416085,1755000416194,109,0.22084,10
371103821,1755000416957,1755000417066,109,0.22088,10
371103822,1755000423274,1755000423387,113,0.22081,2226.457135
371103827,1755000428847,1755000428959,112,0.22086,19740.336061
371103828,1755000428847,1755000428959,112,0.22085,5259.663939
371103829,1755000430806,1755000430918,112,0.22084,440.749003
371103834,1755000431562,1755000431674,112,0.2208,225.497737
371103836,1755000431562,1755000431674,112,0.22078,384.502263
371103838,1755000431590,1755000431709,119,0.22079,7581.332357
371103840,1755000431591,1755000431709,118,0.22079,3002.772203
371103841,1755000431591,1755000431709,118,0.22079,3204.60544
371103843,1755000431597,1755000431709,112,0.2208,20
371103844,1755000432872,1755000432985,113,0.22084,10
371103846,1755000432872,1755000432985,113,0.22083,7483.7
371103847,1755000442295,1755000442409,114,0.22082,18.018
371103849,1755000448779,1755000448890,111,0.22084,57.844368
371103850,1755000449408,1755000449518,110,0.22085,8895.05426
371103851,1755000449610,1755000449721,111,0.22087,4694.094038
371103858,1755000450284,1755000450401,117,0.22087,24924.2551
371103860,1755000450404,1755000450522,118,0.22085,2997
371103863,1755000451133,1755000451247,114,0.22088,2871.101384
371103865,1755000451697,1755000451807,110,0.22092,246.573962
371103866,1755000460807,1755000460919,112,0.22105,104.603033
371103867,1755000461206,1755000461319,113,0.22107,50
371103868,1755000461405,1755000461515,110,0.22108,10
371103869,1755000461893,1755000462009,116,0.22109,904.424898
371103870,1755000461893,1755000462009,116,0.22108,10
371103873,1755000463157,1755000463269,112,0.22104,929.588525
371103875,1755000464317,1755000464429,112,0.22101,326.935661
371103876,1755000465317,1755000465429,112,0.22096,10
371103877,1755000469239,1755000469348,109,0.22096,534.033309
371103878,1755000474703,1755000474812,109,0.22089,50
371103880,1755000474708,1755000474817,109,0.22088,114.712878
371103881,1755000476340,1755000476453,113,0.22088,10
371103882,1755000478459,1755000478568,109,0.22092,236.570006
371103883,1755000478878,1755000478987,109,0.22094,50
371103884,1755000482990,1755000483107,117,0.22092,905.161684
371103885,1755000483034,1755000483146,112,0.2209,22.07989
371103887,1755000485635,1755000485744,109,0.22091,5518.439179
371103888,1755000487997,1755000488107,110,0.22094,15
371103889,1755000489697,1755000489825,128,0.2209,905.243623
371103890,1755000490689,1755000490803,114,0.22089,76.055955
371103891,1755000490892,1755000491001,109,0.22092,10
371103892,1755000490892,1755000491001,109,0.22093,53.046023
371103893,1755000492151,1755000492261,110,0.22092,143.380409
371103894,1755000496537,1755000496647,110,0.221,1206.878397
371103895,1755000501458,1755000501574,116,0.22104,904.711284
371103896,1755000501468,1755000501580,112,0.22103,904.711284
371103897,1755000502759,1755000502869,110,0.221,15
371103898,1755000505791,1755000505904,113,0.221,108.116096
371103899,1755000507909,1755000508019,110,0.221,75
371103900,1755000508089,1755000508204,115,0.221,16426.834225
371103901,1755000508089,1755000508204,115,0.221,9030.266904
371103902,1755000508121,1755000508230,109,0.22104,10
371103903,1755000508797,1755000508911,114,0.22104,10
371103904,1755000510480,1755000510624,144,0.22103,674.608608
371103905,1755000511464,1755000511582,118,0.22098,15
371103907,1755000511464,1755000511582,118,0.22097,190.638747
371103909,1755000511550,1755000511663,113,0.22097,100
371103910,1755000512027,1755000512136,109,0.22096,10
371103911,1755000514611,1755000514721,110,0.22097,0.038275
371103912,1755000515342,1755000515452,110,0.22096,10
371103913,1755000521509,1755000521628,119,0.221,10
371103915,1755000536943,1755000537052,109,0.22097,3905.872847
371103916,1755000539705,1755000539819,114,0.22096,50
371103917,1755000548497,1755000548617,120,0.22091,116.001974
371103918,1755000550097,1755000550206,109,0.2209,6531.443116
371103920,1755000550098,1755000550207,109,0.2209,10214
371103921,1755000550099,1755000550208,109,0.2209,26454.57871
371103922,1755000550099,1755000550208,109,0.2209,3218.087645
371103923,1755000550099,1755000550208,109,0.2209,8851.243177
371103924,1755000550144,1755000550256,112,0.22089,50
371103927,1755000555481,1755000555590,109,0.2209,3531.840425
371103928,1755000557084,1755000557193,109,0.2209,226.346763
371103929,1755000559561,1755000559675,114,0.2209,32.36061
371103932,1755000560262,1755000560374,112,0.22089,13577.11803
371103934,1755000565238,1755000565350,112,0.22092,368.007281
371103935,1755000569705,1755000569826,121,0.22096,10
371103937,1755000575602,1755000575715,113,0.22094,15.000001
371103938,1755000575623,1755000575732,109,0.22092,250.929381
371103939,1755000577455,1755000577564,109,0.22092,10
371103940,1755000580374,1755000580486,112,0.22095,177.360144
371103941,1755000581584,1755000581699,115,0.22096,226.2853
371103942,1755000585864,1755000585979,115,0.22096,1870.44083
371103943,1755000585864,1755000585979,115,0.22097,15
371103946,1755000585943,1755000586055,112,0.221,35
371103947,1755000593041,1755000593156,115,0.22103,61.345796
371103948,1755000594457,1755000594577,120,0.22104,10
371103950,1755000594657,1755000594768,111,0.22105,151.210618
371103951,1755000607907,1755000608018,111,0.22103,226.213636
371103952,1755000612095,1755000612208,113,0.22102,50
371103954,1755000612095,1755000612208,113,0.22101,286.452254
371103958,1755000612095,1755000612208,113,0.221,4180.259546
371103959,1755000615080,1755000615190,110,0.22103,27.731821
371103961,1755000630291,1755000630403,112,0.22102,234
371103962,1755000630291,1755000630403,112,0.22102,699.181668
371103963,1755000630313,1755000630426,113,0.221,10992.58754
371103964,1755000630313,1755000630426,113,0.221,4394.282925
371103965,1755000630313,1755000630426,113,0.221,8605.621558
371103968,1755000630313,1755000630426,113,0.221,38015.058848
371103969,1755000630317,1755000630426,109,0.22098,15
371103970,1755000631058,1755000631172,114,0.22097,2727
371103971,1755000638015,1755000638127,112,0.221,33
371103972,1755000642885,1755000642994,109,0.22097,593.962583
371103973,1755000643298,1755000643407,109,0.22097,1123.89809
371103974,1755000643317,1755000643428,111,0.22096,10
371103975,1755000644902,1755000645026,124,0.22094,10028.594191
371103976,1755000656183,1755000656293,110,0.22089,2831.236717
371103977,1755000656184,1755000656293,109,0.22089,1695.903488
371103979,1755000660920,1755000661030,110,0.22088,1662.3428
371103980,1755000663513,1755000663626,113,0.22086,226.387756
371103981,1755000666735,1755000666845,110,0.22085,5610
371103982,1755000673788,1755000673897,109,0.2209,257.317521
371103983,1755000674093,1755000674204,111,0.22089,315.224772
371103984,1755000675184,1755000675294,110,0.22088,10
371103985,1755000675184,1755000675294,110,0.22089,1215.868079
371103986,1755000676840,1755000676951,111,0.22092,30
371103987,1755000677259,1755000677379,120,0.22092,206.56998
371103988,1755000677877,1755000677989,112,0.22093,50
371103991,1755000680563,1755000680675,112,0.22092,8852.761844
371103992,1755000687202,1755000687314,112,0.22088,199.272293
371103993,1755000691628,1755000691740,112,0.22088,10
371103994,1755000715267,1755000715376,109,0.22092,91.979449
371103997,1755000716075,1755000716184,109,0.22091,1999.606208
371104003,1755000716799,1755000716911,112,0.22091,12574.244409
371104004,1755000720921,1755000721033,112,0.22092,107.275177
371104005,1755000721289,1755000721397,108,0.22094,100
371104006,1755000722027,1755000722136,109,0.22096,2500
371104008,1755000725240,1755000725349,109,0.221,20
371104011,1755000727516,1755000727663,147,0.22102,2490
371104013,1755000727527,1755000727663,136,0.221,20
371104015,1755000729178,1755000729290,112,0.22101,8000
371104017,1755000729967,1755000730080,113,0.22101,2015
371104018,1755000729967,1755000730080,113,0.22102,3144.836158
371104019,1755000733771,1755000733885,114,0.22101,905.116624
371104020,1755000733772,1755000733885,113,0.22101,905.116624
371104022,1755000735019,1755000735131,112,0.22101,1523
371104027,1755000736464,1755000736576,112,0.22101,7890.788189
371104029,1755000736464,1755000736576,112,0.221,20
371104034,1755000736464,1755000736576,112,0.22099,23450.618911
371104045,1755000736464,1755000736576,112,0.22098,53713.310281
371104052,1755000736464,1755000736576,112,0.22097,64925.282619
371104053,1755000738804,1755000738919,115,0.221,31.983665
371104054,1755000738804,1755000738919,115,0.221,31.983665
371104055,1755000738804,1755000738919,115,0.221,31.983665
371104056,1755000738804,1755000738919,115,0.221,31.983665
371104057,1755000738804,1755000738919,115,0.221,31.983665
371104058,1755000738804,1755000738919,115,0.221,31.983665
371104059,1755000738804,1755000738919,115,0.221,31.983665
371104060,1755000738804,1755000738919,115,0.221,31.983665
371104061,1755000738804,1755000738919,115,0.221,31.983665
371104062,1755000738804,1755000738920,116,0.221,31.983665
371104063,1755000738804,1755000738920,116,0.221,31.983665
371104064,1755000738804,1755000738920,116,0.221,31.983665
371104065,1755000738804,1755000738920,116,0.221,31.983665
371104066,1755000738804,1755000738920,116,0.221,31.983665
371104067,1755000738804,1755000738920,116,0.221,31.983665
371104068,1755000738804,1755000738920,116,0.221,31.983665
371104069,1755000738804,1755000738920,116,0.221,31.983665
371104070,1755000738804,1755000738920,116,0.221,31.983665
371104071,1755000738804,1755000738920,116,0.221,31.983665
371104072,1755000738804,1755000738920,116,0.221,31.983665
371104073,1755000738804,1755000738920,116,0.221,31.983665
371104074,1755000738804,1755000738920,116,0.221,31.983665
371104075,1755000738804,1755000738921,117,0.221,31.983665
371104076,1755000738804,1755000738921,117,0.221,31.983665
371104077,1755000738804,1755000738921,117,0.221,31.983665
371104078,1755000738804,1755000738922,118,0.221,24.462021
371104079,1755000738804,1755000738922,118,0.22102,7.521644
371104080,1755000738804,1755000738922,118,0.22102,31.983665
371104081,1755000738804,1755000738922,118,0.22102,31.983665
371104082,1755000738804,1755000738922,118,0.22102,31.983665
371104083,1755000738804,1755000738922,118,0.22102,31.983665
371104084,1755000738804,1755000738922,118,0.22102,31.983665
371104085,1755000738804,1755000738922,118,0.22102,31.983665
371104086,1755000738805,1755000738936,131,0.22102,31.983665
371104087,1755000738805,1755000738936,131,0.22102,31.983665
371104088,1755000738805,1755000738936,131,0.22102,31.983665
371104089,1755000738805,1755000738936,131,0.22102,31.983665
371104090,1755000738805,1755000738936,131,0.22102,31.983665
371104091,1755000738805,1755000738936,131,0.22102,31.983665
371104092,1755000738805,1755000738937,132,0.22102,31.983665
371104093,1755000738805,1755000738937,132,0.22102,31.983665
371104094,1755000738805,1755000738937,132,0.22102,31.983665
371104095,1755000738805,1755000738937,132,0.22102,31.983665
371104096,1755000738805,1755000738937,132,0.22102,31.983665
371104097,1755000738805,1755000738937,132,0.22102,31.983665
371104098,1755000738805,1755000738937,132,0.22102,31.983665
371104099,1755000738805,1755000738937,132,0.22102,31.983665
371104100,1755000738805,1755000738937,132,0.22102,31.983665
371104101,1755000738805,1755000738937,132,0.22102,31.983665
371104102,1755000738805,1755000738937,132,0.22102,31.983665
371104103,1755000738805,1755000738937,132,0.22102,31.983665
371104104,1755000738805,1755000738937,132,0.22102,31.983665
371104105,1755000738805,1755000738937,132,0.22102,31.983665
371104106,1755000738805,1755000738937,132,0.22102,31.983665
371104107,1755000738805,1755000738937,132,0.22102,31.983665
371104108,1755000738805,1755000738937,132,0.22102,31.983665
371104109,1755000738805,1755000738937,132,0.22102,31.983665
371104110,1755000738805,1755000738937,132,0.22102,31.983665
371104111,1755000738805,1755000738937,132,0.22102,31.983665
371104112,1755000738805,1755000738937,132,0.22102,31.983665
371104113,1755000738805,1755000738937,132,0.22102,31.983665
371104114,1755000738805,1755000738937,132,0.22102,31.983665
371104115,1755000738805,1755000738937,132,0.22102,31.983665
371104116,1755000738805,1755000738937,132,0.22102,31.983665
371104117,1755000738805,1755000738937,132,0.22102,31.983665
371104118,1755000738805,1755000738937,132,0.22102,31.983665
371104119,1755000738805,1755000738937,132,0.22102,31.983665
371104120,1755000738805,1755000738937,132,0.22102,31.983665
371104121,1755000738805,1755000738937,132,0.22102,31.983665
371104122,1755000738805,1755000738937,132,0.22102,31.983665
371104123,1755000738805,1755000738937,132,0.22102,31.983665
371104124,1755000738805,1755000738942,137,0.22102,31.983665
371104125,1755000738805,1755000738942,137,0.22102,31.983665
371104126,1755000738805,1755000738942,137,0.22102,31.983665
371104127,1755000738805,1755000738942,137,0.22102,31.983665
371104128,1755000738805,1755000738942,137,0.22102,31.983665
371104129,1755000738805,1755000738942,137,0.22102,31.983665
371104130,1755000738805,1755000738942,137,0.22102,31.983665
371104131,1755000738805,1755000738942,137,0.22102,31.983665
371104132,1755000738805,1755000738942,137,0.22102,31.983665
371104133,1755000738805,1755000738942,137,0.22102,31.983665
371104134,1755000738805,1755000738942,137,0.22102,31.983665
371104135,1755000738805,1755000738942,137,0.22102,31.983665
371104136,1755000738805,1755000738942,137,0.22102,31.983665
371104137,1755000738805,1755000738942,137,0.22102,31.983665
371104138,1755000738805,1755000738942,137,0.22102,31.983665
371104139,1755000738805,1755000738942,137,0.22102,31.983665
371104140,1755000738805,1755000738942,137,0.22102,31.983665
371104141,1755000738805,1755000738942,137,0.22102,31.983665
371104142,1755000738805,1755000738942,137,0.22102,31.983665
371104143,1755000738805,1755000738942,137,0.22102,31.983665
371104144,1755000738805,1755000738942,137,0.22102,31.983665
371104145,1755000738805,1755000738942,137,0.22102,31.983665
371104146,1755000738805,1755000738942,137,0.22102,31.983665
371104147,1755000738805,1755000738942,137,0.22102,31.983665
371104148,1755000738805,1755000738942,137,0.22102,31.983665
371104149,1755000738805,1755000738942,137,0.22102,31.983665
371104150,1755000738805,1755000738943,138,0.22102,31.983665
371104151,1755000738805,1755000738943,138,0.22102,31.983665
371104152,1755000738805,1755000738943,138,0.22102,31.983665
371104153,1755000738805,1755000738943,138,0.22102,31.983665
371104154,1755000738805,1755000738943,138,0.22102,31.983665
371104155,1755000738805,1755000738943,138,0.22102,31.983665
371104156,1755000738805,1755000738943,138,0.22102,31.983665
371104158,1755000738805,1755000738947,142,0.22102,31.983665
371104159,1755000738805,1755000738947,142,0.22102,31.983665
371104160,1755000738805,1755000738948,143,0.22102,6.243034
371104161,1755000738805,1755000738948,143,0.22103,25.740631
371104162,1755000738805,1755000738948,143,0.22103,31.983665
371104163,1755000738805,1755000738948,143,0.22103,31.983665
371104164,1755000738805,1755000738948,143,0.22103,31.983665
371104165,1755000738805,1755000738948,143,0.22103,31.983665
371104166,1755000738805,1755000738948,143,0.22103,31.983665
371104167,1755000738805,1755000738948,143,0.22103,31.983665
371104168,1755000738805,1755000738948,143,0.22103,31.983665
371104169,1755000738805,1755000738948,143,0.22103,31.983665
371104170,1755000738805,1755000738948,143,0.22103,31.983665
371104171,1755000738805,1755000738948,143,0.22103,31.983665
371104172,1755000738805,1755000738948,143,0.22103,31.983665
371104173,1755000738805,1755000738949,144,0.22103,31.983665
371104174,1755000738805,1755000738949,144,0.22103,31.983665
371104175,1755000738805,1755000738949,144,0.22103,31.983665
371104176,1755000738805,1755000738949,144,0.22103,31.983665
371104177,1755000738805,1755000738949,144,0.22103,31.983665
371104178,1755000738856,1755000738965,109,0.22104,10
371104180,1755000740669,1755000740781,112,0.22104,1783.709475
371104182,1755000740672,1755000740781,109,0.22104,1216.290525
371104183,1755000740690,1755000740800,110,0.221,4976
371104184,1755000740718,1755000740827,109,0.221,143
371104190,1755000743716,1755000743828,112,0.221,4153.834076
371104191,1755000743716,1755000743828,112,0.22099,9424.241675
371104193,1755000744683,1755000744795,112,0.221,20
371104194,1755000748814,1755000748928,114,0.22105,104.602666
371104196,1755000748814,1755000748928,114,0.22107,950.823456
371104198,1755000748814,1755000748928,114,0.22107,8512.823456
371104199,1755000748847,1755000748956,109,0.22108,10
371104202,1755000749046,1755000749155,109,0.22109,6787.330317
371104205,1755000750119,1755000750232,113,0.22109,3000
371104206,1755000750119,1755000750232,113,0.22108,10
371104207,1755000750119,1755000750233,114,0.22107,8410.073034
371104208,1755000750121,1755000750233,112,0.22106,5046.933266
371104209,1755000750121,1755000750233,112,0.22105,2500
371104210,1755000750125,1755000750235,110,0.22104,10
371104211,1755000750125,1755000750235,110,0.22103,4990
371104212,1755000750125,1755000750235,110,0.22103,3581.823456
371104214,1755000750125,1755000750235,110,0.22102,3205.506861
371104215,1755000750278,1755000750388,110,0.22104,10
371104216,1755000751998,1755000752121,123,0.2211,12.25634
371104217,1755000757415,1755000757529,114,0.22112,10.102057
371104218,1755000757415,1755000757529,114,0.22114,789.897943
371104219,1755000758855,1755000758964,109,0.22114,45.220222
371104220,1755000761098,1755000761210,112,0.22114,6783.033372
371104221,1755000761747,1755000761856,109,0.22114,43.925703
371104222,1755000762267,1755000762376,109,0.22115,18.453165
371104223,1755000762267,1755000762376,109,0.22116,10
371104225,1755000762267,1755000762376,109,0.22117,16.763044
371104226,1755000766501,1755000766610,109,0.22118,104.509498
371104227,1755000769248,1755000769360,112,0.22119,15.008926
371104230,1755000771960,1755000772069,109,0.22122,5800
371104231,1755000771960,1755000772070,110,0.22121,3199.624348
371104240,1755000771960,1755000772070,110,0.2212,36516.179048
371104246,1755000771960,1755000772070,110,0.22119,32920.303388
371104247,1755000772634,1755000772748,114,0.22119,26.062283
371104249,1755000774029,1755000774141,112,0.22123,25000
371104250,1755000775634,1755000775745,111,0.22124,50
371104251,1755000776482,1755000776599,117,0.22126,2532.790592
371104252,1755000783031,1755000783146,115,0.22126,207
371104254,1755000783031,1755000783146,115,0.22126,1793
371104255,1755000784573,1755000784682,109,0.22126,880.767821
371104258,1755000785955,1755000786063,108,0.22126,2500
371104259,1755000786376,1755000786488,112,0.22125,19.527246
371104260,1755000786488,1755000786603,115,0.22125,27.699475
371104262,1755000787866,1755000787983,117,0.22126,1950
371104264,1755000787870,1755000787985,115,0.22124,25
371104267,1755000787870,1755000787985,115,0.22122,2475
371104269,1755000791250,1755000791362,112,0.22122,2000
371104273,1755000791598,1755000791712,114,0.2212,2020
371104275,1755000793263,1755000793375,112,0.22118,2000
371104277,1755000795229,1755000795338,109,0.22116,2000
371104280,1755000795420,1755000795530,110,0.22114,2236.307984
371104283,1755000795745,1755000795856,111,0.22112,2010
371104285,1755000796987,1755000797096,109,0.2211,2000
371104286,1755000797044,1755000797155,111,0.22108,10
371104287,1755000797044,1755000797155,111,0.22106,15
371104288,1755000797044,1755000797155,111,0.22105,2475
371104289,1755000797818,1755000797927,109,0.22108,10
371104291,1755000803333,1755000803442,109,0.2211,2000
371104293,1755000803333,1755000803442,109,0.22108,25
371104295,1755000803333,1755000803443,110,0.22107,8235.159457
371104296,1755000803390,1755000803502,112,0.22107,243.421865
371104297,1755000803415,1755000803523,108,0.22108,142.199656
371104299,1755000804375,1755000804485,110,0.22107,2000
371104302,1755000804426,1755000804535,109,0.22104,2010
371104303,1755000804426,1755000804535,109,0.22103,15
371104304,1755000804426,1755000804535,109,0.22102,15
371104306,1755000804426,1755000804535,109,0.22101,460
371104308,1755000807353,1755000807466,113,0.22102,2000
371104312,1755000808615,1755000808726,111,0.22102,23414.318147
371104318,1755000808615,1755000808727,112,0.22103,34363.942329
371104319,1755000815963,1755000816073,110,0.22103,15000
371104320,1755000815967,1755000816077,110,0.22104,10
371104322,1755000822922,1755000823034,112,0.22104,2000
371104324,1755000823393,1755000823505,112,0.22102,2000
371104325,1755000823688,1755000823799,111,0.22101,2000
371104326,1755000823793,1755000823902,109,0.221,7002.688359
371104331,1755000823794,1755000823903,109,0.221,5017.311641
371104333,1755000833122,1755000833234,112,0.22103,2000
371104338,1755000833122,1755000833234,112,0.221,13030
371104343,1755000834140,1755000834252,112,0.221,20727.6
371104345,1755000841501,1755000841613,112,0.22102,2000
371104348,1755000841538,1755000841650,112,0.221,35
371104349,1755000841538,1755000841650,112,0.22099,2214
371104351,1755000841538,1755000841650,112,0.22098,251
371104352,1755000841549,1755000841658,109,0.22097,2263.057844
371104354,1755000842821,1755000842930,109,0.22096,2000
371104355,1755000842833,1755000842941,108,0.22095,18.453165
371104357,1755000845912,1755000846023,111,0.22092,2000
371104359,1755000846005,1755000846119,114,0.2209,9066.126869
371104360,1755000850320,1755000850429,109,0.22089,100.662444
372121078,1755169683414,1755169683531,117,0.23752,100
372121079,1755169683978,1755169684091,113,0.23751,174.690576
372121080,1755169684019,1755169684132,113,0.23751,3000
372121081,1755169684371,1755169684483,112,0.2375,490.249091
372121082,1755169684606,1755169684721,115,0.23751,462.723018
372121083,1755169684953,1755169685066,113,0.23751,194.84241
372121084,1755169685115,1755169685227,112,0.23753,7500
372121086,1755169685343,1755169685455,112,0.23755,184.676317
372121087,1755169685343,1755169685455,112,0.23757,15
372121088,1755169685343,1755169685455,112,0.23758,4847.297504
372121089,1755169685355,1755169685467,112,0.23757,39.519056
372121092,1755169685674,1755169685794,120,0.23757,19543.093239
372121095,1755169685674,1755169685794,120,0.23756,23932.843737
372121106,1755169685674,1755169685794,120,0.23755,67770.995236
372121108,1755169686205,1755169686320,115,0.23755,156.243983
372121109,1755169686217,1755169686329,112,0.23755,2853.756017
372121111,1755169687065,1755169687178,113,0.23751,1272.024323
372121112,1755169687065,1755169687178,113,0.2375,47914.136514
372121118,1755169687065,1755169687179,114,0.2375,18264.749889
372121123,1755169687484,1755169687596,112,0.23749,579.88297
372121124,1755169687496,1755169687608,112,0.23749,0.000004
372121125,1755169688162,1755169688277,115,0.23749,15.648849
372121126,1755169688580,1755169688694,114,0.2375,10
372121127,1755169688580,1755169688694,114,0.23751,15
372121128,1755169688580,1755169688694,114,0.23752,121.226461
372121129,1755169688584,1755169688695,111,0.23751,161.759017
372121130,1755169688591,1755169688703,112,0.23751,150.315313
372121131,1755169689256,1755169689368,112,0.2375,10
372121132,1755169689434,1755169689546,112,0.23749,1365.201895
372121133,1755169689845,1755169689958,113,0.23748,233.132061
372121134,1755169689846,1755169689960,114,0.23747,29.137863
372121135,1755169689846,1755169689960,114,0.23746,546.325929
372121137,1755169690190,1755169690303,113,0.23745,292.196472
372121138,1755169690389,1755169690525,136,0.23748,8146.11031
372121139,1755169690390,1755169690528,138,0.23749,9200
372121140,1755169690391,1755169690529,138,0.2375,10
372121141,1755169690392,1755169690532,140,0.23751,336.921745
372121142,1755169690395,1755169690533,138,0.23752,2500
372121144,1755169690463,1755169690575,112,0.23752,4926.13248
372121146,1755169690468,1755169690580,112,0.23752,5051.16752
372121148,1755169690468,1755169690580,112,0.23752,5051
372121149,1755169690468,1755169690580,112,0.23752,2180.24354
372121151,1755169690468,1755169690580,112,0.2375,7445.176367
372121153,1755169691287,1755169691402,115,0.23755,22.623802
372121154,1755169691289,1755169691404,115,0.23755,124.736723
372121155,1755169691291,1755169691404,113,0.23754,160.582498
372121156,1755169691300,1755169691412,112,0.23754,149.138794
372121157,1755169691307,1755169691420,113,0.23755,141.516707
372121158,1755169691364,1755169691476,112,0.23755,5810
372121159,1755169691364,1755169691476,112,0.23753,2104.864341
372121160,1755169691364,1755169691477,113,0.23752,5850
372121164,1755169691466,1755169691578,112,0.23751,24918.125534
372121165,1755169693218,1755169693334,116,0.23751,100
372121166,1755169693223,1755169693336,113,0.2375,10
372121167,1755169693512,1755169693625,113,0.23747,622.11642
372121168,1755169693950,1755169694062,112,0.23746,30.927946
372121169,1755169695332,1755169695462,130,0.23746,5810
372121171,1755169695332,1755169695463,131,0.23747,12035.38041
372121173,1755169695333,1755169695464,131,0.23748,11535.224194
372121174,1755169695333,1755169695464,131,0.23749,7338.358005
372121175,1755169695333,1755169695465,132,0.2375,10
372121178,1755169695335,1755169695466,131,0.23751,14809.153194
372121179,1755169695335,1755169695479,144,0.23751,419.563926
372121180,1755169695365,1755169695480,115,0.23755,39.999999
372121182,1755169695377,1755169695489,112,0.23755,263.83859
372121183,1755169695429,1755169695545,116,0.23755,93.466733
372121184,1755169695438,1755169695550,112,0.23756,162.71323
372121185,1755169695445,1755169695564,119,0.23757,222.638344
372121186,1755169695497,1755169695618,121,0.23759,186.7144
372121187,1755169695499,1755169695618,119,0.23759,146.730768
372121188,1755169695499,1755169695618,119,0.23758,21.834581
372121189,1755169695510,1755169695623,113,0.23759,140.844496
372121190,1755169695511,1755169695623,112,0.23758,97.362251
372121191,1755169695521,1755169695633,112,0.23759,203.277971
372121192,1755169695521,1755169695633,112,0.23758,161.25471
372121193,1755169695523,1755169695635,112,0.23758,156.118838
372121194,1755169695529,1755169695651,122,0.23758,159.07775
372121195,1755169695537,1755169695651,114,0.23759,192.246473
372121197,1755169695774,1755169695886,112,0.2376,20
372121200,1755169695797,1755169695919,122,0.23762,13683.3
372121201,1755169695797,1755169695919,122,0.23761,2314.778817
372121202,1755169696369,1755169696505,136,0.23763,6489.6844
372121204,1755169696376,1755169696506,130,0.23765,25
372121205,1755169696392,1755169696506,114,0.23766,468
372121206,1755169696531,1755169696644,113,0.23766,0.234216
372121208,1755169696531,1755169696644,113,0.23769,112.607194
372121209,1755169698758,1755169698873,115,0.23769,38
372121210,1755169699395,1755169699510,115,0.2377,20
372121212,1755169699576,1755169699691,115,0.2377,27.580164
372121213,1755169701997,1755169702109,112,0.23766,3000
372121215,1755169701997,1755169702109,112,0.23765,25
372121218,1755169701997,1755169702109,112,0.23763,7422.234429
372121220,1755169701997,1755169702109,112,0.23762,5808.146252
372121221,1755169702149,1755169702261,112,0.23765,10
372121222,1755169703476,1755169703588,112,0.23765,10
372121223,1755169703936,1755169704050,114,0.23765,10
372121225,1755169703982,1755169704097,115,0.23764,48.082823
372121226,1755169704279,1755169704393,114,0.23761,5810
372121227,1755169706920,1755169707036,116,0.2376,2598.36707
372121228,1755169708420,1755169708531,111,0.23753,418.426866
372121229,1755169708509,1755169708624,115,0.23753,2116.247842
372121732,1755169825465,1755169825589,124,0.23779,359.6
372121733,1755169826661,1755169826786,125,0.23781,145.445669
372121734,1755169826676,1755169826802,126,0.23782,151.092573
372121735,1755169827730,1755169827854,124,0.23781,51.758967
372121737,1755169829206,1755169829334,128,0.23781,8453
372121741,1755169829206,1755169829335,129,0.23783,6873.609942
372121742,1755169829501,1755169829623,122,0.23782,1501.013339
372121743,1755169829977,1755169830099,122,0.23784,154.377013
372121745,1755169829979,1755169830100,121,0.23784,8028.728096
372121746,1755169829981,1755169830106,125,0.23784,158.012494
372121748,1755169829981,1755169830106,125,0.23785,197.114888
372121749,1755169829983,1755169830106,123,0.23785,145.545232
372121750,1755169829984,1755169830106,122,0.23784,145.110269
372121751,1755169830048,1755169830174,126,0.23785,120.633986
372121753,1755169830048,1755169830174,126,0.23787,30.797518
372121754,1755169830601,1755169830725,124,0.23786,654.759178
372121755,1755169831012,1755169831142,130,0.23787,99.082621
372121756,1755169831119,1755169831244,125,0.2379,20
372121758,1755169831119,1755169831245,126,0.23791,47.319261
372121759,1755169831123,1755169831253,130,0.23791,84.950497
372121760,1755169831619,1755169831744,125,0.2379,133.417619
372121762,1755169831689,1755169831814,125,0.23791,62.9012
372121763,1755169833904,1755169834038,134,0.23796,266.07013
372121764,1755169833920,1755169834044,124,0.23796,36.347842
372121766,1755169835430,1755169835552,122,0.23796,6926.049019
372121772,1755169835741,1755169835866,125,0.23795,12593.139282
372121773,1755169835741,1755169835867,126,0.23794,4980.713818
372121774,1755169836816,1755169836938,122,0.23792,19
372121775,1755169836898,1755169837026,128,0.23791,12.402234
372121776,1755169836912,1755169837038,126,0.23791,10
372121779,1755169836972,1755169837096,124,0.2379,2799.496308
372121780,1755169836972,1755169837096,124,0.23789,15.000001
372121782,1755169836972,1755169837096,124,0.23788,5354.811991
372121783,1755169839535,1755169839657,122,0.23797,100.869709
372121784,1755169839669,1755169839811,142,0.23799,10.078384
372121787,1755169839693,1755169839819,126,0.238,1879
372121791,1755169839820,1755169839942,122,0.238,5474.298248
372121792,1755169841055,1755169841182,127,0.23802,2078.949537
372121793,1755169841068,1755169841199,131,0.23804,27.567237
372121795,1755169841127,1755169841249,122,0.23804,13.113435
372121796,1755169841127,1755169841249,122,0.23805,20
372121797,1755169841127,1755169841249,122,0.23806,109.731064
372121799,1755169841127,1755169841249,122,0.23807,82.2769
372121801,1755169841136,1755169841265,129,0.23807,149.565642
372121802,1755169841137,1755169841270,133,0.23807,200.967619
372121803,1755169841139,1755169841270,131,0.23806,154.177059
372121804,1755169841141,1755169841270,129,0.23807,231.359491
372121805,1755169841142,1755169841270,128,0.23806,140.943656
372121806,1755169841196,1755169841322,126,0.23806,150.356604
372121807,1755169841198,1755169841322,124,0.23807,155.427251
372121808,1755169841201,1755169841326,125,0.23807,195.435546
372121809,1755169841427,1755169841550,123,0.23808,147.886078
372121810,1755169842250,1755169842375,125,0.23809,566.642064
372121813,1755169842456,1755169842578,122,0.2381,189.605747
372121814,1755169843573,1755169843700,127,0.23811,100.779422
372121818,1755169844791,1755169844918,127,0.23811,13517.845245
372121822,1755169844791,1755169844918,127,0.23812,1383.05757
372121823,1755169845556,1755169845694,138,0.2381,10
372121824,1755169846496,1755169846618,122,0.23806,2372
372121825,1755169846496,1755169846618,122,0.23808,2528
372121826,1755169848664,1755169848786,122,0.2381,10
372121827,1755169848664,1755169848786,122,0.23811,111.557683
372121828,1755169854221,1755169854346,125,0.23814,671.291417
372121829,1755169854226,1755169854349,123,0.23815,20
372121831,1755169854232,1755169854354,122,0.23816,670
372121833,1755169854397,1755169854522,125,0.23816,1173.82261
372121837,1755169855465,1755169855590,125,0.23813,17264.34341
372121838,1755169855479,1755169855604,125,0.23815,10
372121840,1755169855479,1755169855604,125,0.23816,434.053995
372121841,1755169855536,1755169855662,126,0.23816,152.82099
372121842,1755169855546,1755169855668,122,0.23817,202.473185
372121844,1755169855556,1755169855678,122,0.23817,151.071208
372121845,1755169855582,1755169855704,122,0.23816,27.144479
372121846,1755169855609,1755169855731,122,0.23816,148.851038
372121847,1755169855623,1755169855750,127,0.23817,156.790251
372121848,1755169855768,1755169855890,122,0.23817,178.92546
372121849,1755169856020,1755169856142,122,0.23816,128.525002
372121850,1755169856909,1755169857033,124,0.23817,822.06564
372121852,1755169859196,1755169859322,126,0.23818,1530
372121853,1755169859216,1755169859338,122,0.23818,1.253144
372121856,1755169860037,1755169860175,138,0.23815,6979.630708
372121857,1755169860039,1755169860175,136,0.23814,16706.07901
372121858,1755169860046,1755169860175,129,0.23813,134.852942
372121860,1755169860262,1755169860392,130,0.23813,2880.147058
372121862,1755169860273,1755169860396,123,0.23811,308.291773
372121863,1755169860291,1755169860418,127,0.2381,10
372121864,1755169860306,1755169860430,124,0.23809,15
372121865,1755169860349,1755169860473,124,0.23808,5000
372121866,1755169860356,1755169860482,126,0.23807,15
372121867,1755169860633,1755169860758,125,0.23806,1000
372121871,1755169861421,1755169861546,125,0.23805,12545.0164
372121872,1755169861940,1755169862066,126,0.23808,3449.442624
372121874,1755169863734,1755169863857,123,0.2381,191.976304
372121875,1755169863734,1755169863857,123,0.2381,217.340859
372121876,1755169863738,1755169863860,122,0.23809,153.185454
372121877,1755169863743,1755169863865,122,0.23809,12.444155
372121878,1755169863745,1755169863867,122,0.23811,15
372121879,1755169863745,1755169863867,122,0.23812,64.071012
372121880,1755169863747,1755169863874,127,0.23812,71.16391
372121881,1755169863757,1755169863879,122,0.23812,201.804185
372121882,1755169863810,1755169863932,122,0.23813,149.687323
372121883,1755169863837,1755169863970,133,0.23814,212.84453
372121888,1755169865562,1755169865686,124,0.23814,15401.638242
372121890,1755169865562,1755169865687,125,0.23815,776.661253
372121898,1755169865952,1755169866076,124,0.23815,21152.328116
372121899,1755169865952,1755169866076,124,0.23814,4606.042855
372121904,1755169865952,1755169866076,124,0.23813,14241.629029
372121905,1755169866836,1755169866961,125,0.23815,10
372121906,1755169867000,1755169867123,123,0.23814,30
372121907,1755169867502,1755169867625,123,0.23815,10
372121908,1755169869117,1755169869250,133,0.23818,9958.372823
372121909,1755169869303,1755169869427,124,0.23819,29.114552
372121910,1755169870288,1755169870409,121,0.2382,10.285263
372121913,1755169871646,1755169871774,128,0.23825,148.273521
372121914,1755169871670,1755169871793,123,0.23827,152.742726
372121920,1755169873029,1755169873154,125,0.23825,10080.145239
372121921,1755169873813,1755169873938,125,0.23823,1732.915398
372121922,1755169873942,1755169874070,128,0.23823,1978.990124
372121923,1755169874430,1755169874562,132,0.23824,5810
372121924,1755169874517,1755169874642,125,0.23824,150.359537
372121925,1755169874575,1755169874700,125,0.23828,147.012445
372121927,1755169874583,1755169874708,125,0.23829,204.311778
372121928,1755169875401,1755169875526,125,0.23826,130.878437
372121930,1755169875441,1755169875565,124,0.23825,2372
372121931,1755169875511,1755169875634,123,0.23825,638
372121932,1755169875516,1755169875637,121,0.23823,15
372121933,1755169878544,1755169878670,126,0.23826,2098.547804
372121935,1755169881344,1755169881470,126,0.23826,8698.631166
372121936,1755169882737,1755169882859,122,0.23827,1630
372121939,1755169882737,1755169882859,122,0.23828,19850.292155
372121940,1755169883133,1755169883258,125,0.23828,20993.408069
372121941,1755169883254,1755169883378,124,0.23829,12.75
372121942,1755169883754,1755169883876,122,0.2383,71.735542
372121944,1755169883754,1755169883876,122,0.23831,30
372121946,1755169883754,1755169883876,122,0.23832,4548.283713
372121948,1755169883806,1755169883928,122,0.23833,31.837317
372121949,1755169884078,1755169884206,128,0.23833,145.243563
372121950,1755169884083,1755169884206,123,0.23834,10.530393
372121951,1755169884083,1755169884206,123,0.23835,188.917471
372121952,1755169884087,1755169884218,131,0.23835,299.044795
372121953,1755169884091,1755169884218,127,0.23834,66.278507
372121954,1755169884095,1755169884218,123,0.23834,146.344286
372121955,1755169884108,1755169884232,124,0.23835,18.821899
372121956,1755169884108,1755169884232,124,0.23835,232.005873
372121957,1755169884111,1755169884242,131,0.23835,216.2857
372121958,1755169884112,1755169884242,130,0.23835,135.934063
372121959,1755169884122,1755169884243,121,0.23835,153.577959
372121960,1755169884159,1755169884285,126,0.23835,69.045873
372121961,1755169884165,1755169884287,122,0.23835,275.726908
372121966,1755169884674,1755169884806,132,0.23835,16380
372121971,1755169885522,1755169885650,128,0.23836,6361.053868
372121972,1755169889373,1755169889495,122,0.23835,419.55108
372121973,1755169889627,1755169889749,122,0.23834,2831.3298
372121974,1755169889871,1755169890002,131,0.23834,3549.770718
372121976,1755169890291,1755169890416,125,0.23832,838.679917
372121977,1755169893627,1755169893751,124,0.23829,3000
372121978,1755169893707,1755169893834,127,0.23826,62
372121979,1755169894666,1755169894790,124,0.23825,10
372121981,1755169894821,1755169894947,126,0.23823,3015
372121982,1755169895036,1755169895170,134,0.23822,7963.98016
372121984,1755169895291,1755169895424,133,0.23825,6812
372121985,1755169896097,1755169896226,129,0.2383,10
372121986,1755169896196,1755169896321,125,0.23833,423.876851
372121987,1755169896658,1755169896787,129,0.23833,3762.963649
372121989,1755169897686,1755169897810,124,0.23831,404.101536
372121990,1755169898625,1755169898758,133,0.23831,11.515253
372121995,1755169899393,1755169899515,122,0.23833,22508.026919
372121997,1755169901086,1755169901216,130,0.23833,312.8
372122001,1755169909321,1755169909446,125,0.23836,22209.182116
372122002,1755169909321,1755169909446,125,0.23836,2575.775324
372122003,1755169909325,1755169909448,123,0.23835,10
372122004,1755169909466,1755169909594,128,0.23833,3000
372122005,1755169909506,1755169909634,128,0.2383,10
372122007,1755169909577,1755169909706,129,0.23829,434.65672
372122008,1755169909650,1755169909772,122,0.23827,15
372122009,1755169912716,1755169912837,121,0.23827,2000
372122010,1755169913332,1755169913456,124,0.23827,289.545473
372122011,1755169913597,1755169913722,125,0.23826,82.351036
372122012,1755169913663,1755169913790,127,0.23825,10
372122013,1755169913871,1755169913995,124,0.23823,20.98812
372122015,1755169913975,1755169914097,122,0.23822,209.845973
372122017,1755169914376,1755169914506,130,0.2382,20
372122019,1755169916680,1755169916814,134,0.23818,17221.390889
372122030,1755169916712,1755169916837,125,0.23816,81514.722369
372122031,1755169916712,1755169916838,126,0.23817,25437.734234
372122032,1755169916712,1755169916838,126,0.23818,3446.099412
372122033,1755169917303,1755169917426,123,0.23818,20.98812
372122034,1755169920738,1755169920861,123,0.23821,4130.154765
372122035,1755169922697,1755169922832,135,0.23825,240.360037
372122036,1755169924289,1755169924411,122,0.23825,534.004616
372122037,1755169924886,1755169925009,123,0.23823,1900
372122040,1755169924890,1755169925011,121,0.2382,356.256073
372122041,1755169924892,1755169925014,122,0.2382,278.388033
372122042,1755169925852,1755169925978,126,0.23824,45.663532
372122043,1755169926212,1755169926334,122,0.23821,15
372122046,1755169926292,1755169926414,122,0.2382,3030
372122047,1755169926316,1755169926439,123,0.23818,240.395389
372122048,1755169926733,1755169926857,124,0.23815,3000
372122049,1755169931643,1755169931770,127,0.2381,422.540529
372122050,1755169933151,1755169933272,121,0.23809,397.970438
372122051,1755169934114,1755169934239,125,0.23809,54.52334
372122056,1755169934750,1755169934882,132,0.23809,21556.6
372122057,1755169934750,1755169934886,136,0.23808,10643.945774
372122058,1755169934750,1755169934886,136,0.23808,16545.628419
372122061,1755169934751,1755169934886,135,0.23808,27665.107128
372122062,1755169934751,1755169934886,135,0.23806,7353.539671
372122064,1755169934758,1755169934913,155,0.23805,3010
372122065,1755169934758,1755169934923,165,0.23805,9200
372122067,1755169934758,1755169934923,165,0.23804,2200.814394
372122068,1755169934758,1755169934923,165,0.23803,4236.736162
372122069,1755169934887,1755169935009,122,0.23801,419.533479
372122074,1755169935014,1755169935136,122,0.238,8618.2491
372122075,1755169935044,1755169935166,122,0.23796,1640
372122079,1755169935139,1755169935267,128,0.23796,16053.863145
372122080,1755169935525,1755169935671,146,0.23796,3165.529066
372122086,1755169935526,1755169935672,146,0.23795,38458.864446
372122088,1755169935529,1755169935683,154,0.23793,17564.05786
372122090,1755169935530,1755169935684,154,0.23792,6606.372688
372122091,1755169935532,1755169935684,152,0.23794,9200
372122094,1755169935553,1755169935691,138,0.23792,10776.3
372122095,1755169936866,1755169936991,125,0.23795,10
372122096,1755169936912,1755169937038,126,0.23799,89.610542
372122098,1755169937041,1755169937166,125,0.238,20
372122099,1755169937098,1755169937219,121,0.23802,185.593908
372122100,1755169937098,1755169937219,121,0.23802,148.756553
372122101,1755169937105,1755169937228,123,0.23801,65.40773
372122102,1755169937106,1755169937228,122,0.23801,75.719547
372122103,1755169937115,1755169937238,123,0.23801,282.200253
372122104,1755169937125,1755169937250,125,0.23801,329.555213
372122105,1755169937131,1755169937252,121,0.238,150.468266
372122106,1755169937171,1755169937295,124,0.238,76.129076
372122107,1755169937175,1755169937296,121,0.238,150.378663
372122109,1755169937491,1755169937619,128,0.23804,4310.33264
372122110,1755169937937,1755169938062,125,0.23804,50
372122112,1755169938509,1755169938634,125,0.23805,4130.009433
372122113,1755169940246,1755169940368,122,0.23815,10
372122118,1755169940411,1755169940533,122,0.23817,24532.617613
372122119,1755169940943,1755169941070,127,0.23817,55.055044
372122120,1755169942633,1755169942756,123,0.23815,10
372122121,1755169942664,1755169942791,127,0.23814,3000
372122122,1755169942667,1755169942791,124,0.23813,50
372122124,1755169942667,1755169942791,124,0.23811,4975.421597
372122126,1755169942667,1755169942791,124,0.2381,1229.151737
372122127,1755169942814,1755169942942,128,0.2381,10
372122130,1755169943341,1755169943465,124,0.23805,150
372122132,1755169943966,1755169944094,128,0.23807,5016.809716
372122134,1755169943966,1755169944095,129,0.23809,27021.539767
372122135,1755169944739,1755169944866,127,0.2381,2069
372122139,1755169944740,1755169944870,130,0.2381,15531.0366
372122140,1755169944740,1755169944879,139,0.23809,8019.342752
372122142,1755169945066,1755169945189,123,0.23805,7425
372122143,1755169947938,1755169948066,128,0.2381,10
372122144,1755169948249,1755169948371,122,0.23814,195.977576
372122148,1755169950778,1755169950903,125,0.23807,13976.009744
372122149,1755169950780,1755169950903,123,0.23806,5613
372122150,1755169950780,1755169950903,123,0.23806,0.03226
372122152,1755169950888,1755169951018,130,0.23805,2595
372122153,1755169950891,1755169951019,128,0.23804,140.156824
372122154,1755169950891,1755169951019,128,0.23803,15
372122155,1755169950891,1755169951019,128,0.23802,90.737363
372122156,1755169950988,1755169951110,122,0.23802,4909.262637
372122157,1755169950988,1755169951110,122,0.23801,15
372122158,1755169950988,1755169951110,122,0.238,1518.737363
372122159,1755169951171,1755169951298,127,0.238,10
372122162,1755169951801,1755169951924,123,0.238,13249.357615
372122163,1755169951801,1755169951924,123,0.23801,2803
372122165,1755169951801,1755169951924,123,0.23802,11662.265893
372122166,1755169953118,1755169953245,127,0.238,2099.252666
372122167,1755169954403,1755169954527,124,0.23803,500
372122168,1755169955042,1755169955170,128,0.238,20
372122170,1755169955936,1755169956057,121,0.23798,7621.34
372122171,1755169956548,1755169956670,122,0.23796,3000
372122172,1755169956548,1755169956670,122,0.23795,10
372122173,1755169956597,1755169956722,125,0.23795,10
372122175,1755169956597,1755169956722,125,0.23792,3378.36
372122177,1755169956615,1755169956740,125,0.23793,6600
372122178,1755169956756,1755169956882,126,0.23795,10
372122179,1755169957357,1755169957479,122,0.23796,1985.65
372122181,1755169958435,1755169958557,122,0.23795,2653
372122182,1755169958435,1755169958557,122,0.23794,917.078541
372122184,1755169958583,1755169958709,126,0.23793,6444
372122186,1755169961485,1755169961614,129,0.23794,9959.681753
372122188,1755169961485,1755169961615,130,0.23793,11629.318247
372122190,1755169961494,1755169961615,121,0.23793,3829.071873
372122191,1755169961494,1755169961615,121,0.23792,1179.928127
372122192,1755169961496,1755169961622,126,0.23792,1244
372122194,1755169961518,1755169961639,121,0.23793,8400
372122195,1755169961881,1755169962006,125,0.23791,15
372122198,1755169961895,1755169962016,121,0.2379,110.902799
372122200,1755169961970,1755169962096,126,0.23789,2509
372122201,1755169961981,1755169962105,124,0.23789,506
372122203,1755169961981,1755169962105,124,0.23787,30
372122205,1755169961981,1755169962105,124,0.23786,3309
372122206,1755169962052,1755169962175,123,0.23786,663.9646
372122207,1755169963065,1755169963186,121,0.23787,289.317694
372122208,1755169965118,1755169965248,130,0.23785,2109.22
372122210,1755169967428,1755169967554,126,0.2379,200.26201
372122211,1755169967463,1755169967590,127,0.23793,156.839037
372122212,1755169967471,1755169967592,121,0.23794,146.718689
372122213,1755169967473,1755169967596,123,0.23794,206.437883
372122214,1755169967563,1755169967688,125,0.23794,153.203556
372122215,1755169969099,1755169969220,121,0.23795,5810
372122216,1755169970214,1755169970335,121,0.23795,10
372122218,1755169971168,1755169971290,122,0.23797,43.52456
372122219,1755169972218,1755169972346,128,0.23795,10
372122220,1755169972218,1755169972347,129,0.23794,1487.909819
372122222,1755169973104,1755169973226,122,0.23798,4000
372122223,1755169976380,1755169976514,134,0.23797,10
372122225,1755169980045,1755169980168,123,0.2379,200.264691
372122227,1755169980045,1755169980168,123,0.23789,1428.896837
372122228,1755169980046,1755169980168,122,0.23789,3374.337219
372122230,1755169980046,1755169980168,122,0.23788,2928.662781
372122231,1755169980260,1755169980382,122,0.23788,2689
372122233,1755169980933,1755169981057,124,0.23787,6435.997194
372122238,1755169980937,1755169981066,129,0.23785,6128.238077
372122239,1755169980937,1755169981066,129,0.23784,57.761923
372122240,1755169981652,1755169981787,135,0.23785,481.166748
372122241,1755169981652,1755169981787,135,0.23783,15
372122242,1755169981652,1755169981787,135,0.23782,5722.833252
372122243,1755169981978,1755169982099,121,0.23782,3000
372122246,1755169982050,1755169982173,123,0.2378,338.967184
372122247,1755169982591,1755169982714,123,0.23779,143.715252
372122248,1755169983100,1755169983226,126,0.23779,5737.960328
372122249,1755169983108,1755169983237,129,0.23778,10.102057
372122251,1755169983109,1755169983237,128,0.23776,2621.245408
372122252,1755169983110,1755169983237,127,0.23776,479.746515
372122255,1755169983173,1755169983304,131,0.23775,4848.720644
372122256,1755169983319,1755169983442,123,0.23775,1303.279356
372122257,1755169983455,1755169983578,123,0.23775,1328
372122259,1755169984055,1755169984178,123,0.23775,1638.104839
372122260,1755169984087,1755169984208,121,0.23776,190.370003
372122261,1755169984424,1755169984548,124,0.23779,47.601092
372122262,1755169984465,1755169984593,128,0.23779,2855.398908
372122265,1755169984465,1755169984593,128,0.23778,19863.538167
372122267,1755169985530,1755169985651,121,0.2378,20
372122268,1755169986314,1755169986436,122,0.23783,50
372122273,1755169987339,1755169987463,124,0.23789,27478.910405
372122274,1755169987424,1755169987555,131,0.23787,4284.930083
372122275,1755169987424,1755169987555,131,0.23786,1991.069917
372122276,1755169988337,1755169988459,122,0.23788,223.757835
372122277,1755169988729,1755169988854,125,0.23787,15.000001
372122278,1755169988729,1755169988855,126,0.23786,3000
372122282,1755169988729,1755169988855,126,0.23785,3335.999999
372122283,1755169989046,1755169989175,129,0.23785,10
372122284,1755169989048,1755169989175,127,0.23784,3000
372122285,1755169989048,1755169989175,127,0.23783,15
372122287,1755169989048,1755169989175,127,0.23782,3409
372122288,1755169989532,1755169989658,126,0.23785,10
372122289,1755169989533,1755169989659,126,0.23787,10
372122291,1755169991176,1755169991301,125,0.23788,10202.62892
372122293,1755169991219,1755169991341,122,0.2379,110.913804
372122294,1755169991416,1755169991538,122,0.23795,10
372122295,1755169992886,1755169993015,129,0.23795,10
372122296,1755169993047,1755169993175,128,0.23791,136.464741
372122297,1755169993049,1755169993175,126,0.23791,2863.535259
372122299,1755169993056,1755169993177,121,0.2379,200.265584
372122300,1755169995526,1755169995649,123,0.23787,4461.06965
372122301,1755169996946,1755169997070,124,0.23789,1594.171423
372122302,1755169997114,1755169997239,125,0.23788,80.959519
372122303,1755169997644,1755169997768,124,0.23786,113.395847
372122305,1755169997644,1755169997778,134,0.23785,25
372122306,1755169997644,1755169997778,134,0.23784,3000
372122307,1755169997644,1755169997778,134,0.23783,15
372122308,1755169997644,1755169997778,134,0.23782,2372.044153
372122311,1755169998886,1755169999019,133,0.2378,6251
372122312,1755169998951,1755169999072,121,0.2378,2643
372122315,1755169998951,1755169999072,121,0.23779,3723
372122316,1755170002466,1755170002591,125,0.23782,895
372122317,1755170002466,1755170002591,125,0.23782,0.252506
372122318,1755170006288,1755170006414,126,0.23785,1074.12183
372122319,1755170006304,1755170006432,128,0.23785,840.914786
372122320,1755170006393,1755170006517,124,0.23787,6650
372122321,1755170006396,1755170006526,130,0.23787,1.472753
372122322,1755170009625,1755170009751,126,0.23786,210.207685
372122323,1755170011092,1755170011216,124,0.23781,353.223161
372122325,1755170011271,1755170011393,122,0.2378,3010
372122326,1755170011271,1755170011393,122,0.23779,2193.81
372122327,1755170013307,1755170013430,123,0.2378,10
372122329,1755170013639,1755170013764,125,0.2378,20
372122331,1755170013684,1755170013805,121,0.23776,6366
372122333,1755170013685,1755170013806,121,0.23776,9390
372122338,1755170013737,1755170013866,129,0.23777,18378.362864
372122341,1755170013737,1755170013866,129,0.23779,25246.381906
372122343,1755170013737,1755170013866,129,0.2378,16147.952936
372122461,1755170082343,1755170082459,116,0.23791,190.256981
372122462,1755170084303,1755170084422,119,0.23791,190.256981
372122463,1755170084320,1755170084498,178,0.2379,10
372122466,1755170084320,1755170084499,179,0.23787,12380
372122467,1755170084320,1755170084499,179,0.23787,6090.030854
372122469,1755170084320,1755170084499,179,0.23786,20041.724346
372122470,1755170084321,1755170084499,178,0.23786,4418.796015
372122472,1755170084321,1755170084517,196,0.23785,25
372122475,1755170084322,1755170084517,195,0.23784,11732.735104
372122478,1755170084322,1755170084517,195,0.23784,8918.460113
372122480,1755170084322,1755170084517,195,0.23783,1758.047838
372122484,1755170084323,1755170084558,235,0.23783,23260.202872
372122486,1755170084324,1755170084631,307,0.23782,9632.84595
372122487,1755170084326,1755170084636,310,0.23782,5908.612392
372122489,1755170084326,1755170084719,393,0.23781,5197.572752
372122493,1755170084326,1755170084719,393,0.2378,3209.490745
372122495,1755170084326,1755170084719,393,0.23779,1843.509255
372122496,1755170084333,1755170084720,387,0.23782,420.274019
372122497,1755170084333,1755170084720,387,0.2378,9200
372122499,1755170084333,1755170084720,387,0.23778,18003.470724
372122502,1755170084333,1755170084720,387,0.23777,17291.651667
372122503,1755170084337,1755170084720,383,0.23778,12000
372122504,1755170084339,1755170084720,381,0.23777,7400.404549
372122506,1755170084379,1755170084721,342,0.23776,2643
372122512,1755170084406,1755170084721,315,0.23776,20000.708992
372122516,1755170084465,1755170084727,262,0.23777,20630.771724
372122517,1755170084499,1755170084729,230,0.23779,30.382354
372122518,1755170084533,1755170084764,231,0.23779,5818.519904
372122519,1755170084534,1755170084767,233,0.23779,4652.891778
372122522,1755170084584,1755170084767,183,0.2378,9230.31689
372122524,1755170084701,1755170084852,151,0.23781,10462.500466
372122525,1755170084701,1755170084852,151,0.23782,10612.141903
372122526,1755170084701,1755170084852,151,0.23782,3467.284236
372122530,1755170084701,1755170084852,151,0.23783,24575.138718
372122532,1755170084703,1755170084853,150,0.23784,12526.48902
372122537,1755170084704,1755170084853,149,0.23785,21664.339419
372122538,1755170084704,1755170084853,149,0.23785,8742.239108
372122539,1755170084709,1755170084863,154,0.23787,3421.585558
372122541,1755170084711,1755170084864,153,0.23789,17571.764137
372122542,1755170084711,1755170084864,153,0.23789,18314.747035
372122544,1755170084711,1755170084864,153,0.23789,5668.908095
372122547,1755170084713,1755170084864,151,0.2379,10024.010794
372122548,1755170084733,1755170084865,132,0.2379,7329.916539
372122551,1755170084750,1755170084875,125,0.23791,12165.294253
372122552,1755170084751,1755170084875,124,0.23791,4118.613179
372122553,1755170085096,1755170085213,117,0.23791,190.257873
372122554,1755170085173,1755170085292,119,0.23791,713.901817
372122555,1755170085173,1755170085292,119,0.23791,3594.365794
372122560,1755170085175,1755170085292,117,0.23791,14766.181925
372122561,1755170085186,1755170085302,116,0.23791,4270.123978
372122563,1755170085188,1755170085303,115,0.23792,6313.856194
372122566,1755170085190,1755170085310,120,0.23792,9655.618919
372122567,1755170085199,1755170085318,119,0.23791,72.970197
372122568,1755170085202,1755170085318,116,0.23792,723.5342
372122569,1755170085206,1755170085321,115,0.23792,292.353105
372122570,1755170085208,1755170085323,115,0.23792,280.190387
372122571,1755170085212,1755170085327,115,0.23792,327.667211
372122572,1755170085237,1755170085354,117,0.23792,253.803439
372122573,1755170085241,1755170085358,117,0.23792,231.70955
372122574,1755170085241,1755170085358,117,0.23792,76.451294
372122575,1755170085242,1755170085358,116,0.23792,176.665665
372122577,1755170085242,1755170085358,116,0.23792,40.176131
372122578,1755170085265,1755170085382,117,0.23791,187.201531
372122579,1755170085300,1755170085418,118,0.23793,198.769065
372122580,1755170085301,1755170085418,117,0.23793,323.829858
372122581,1755170085307,1755170085422,115,0.23792,152.143014
372122582,1755170085310,1755170085425,115,0.23793,198.573982
372122583,1755170085369,1755170085488,119,0.23792,150.397681
372122585,1755170086361,1755170086476,115,0.23791,4460.380958
372122586,1755170086979,1755170087095,116,0.23795,10
372122587,1755170088261,1755170088382,121,0.23794,71.156925
372122588,1755170088628,1755170088743,115,0.23794,59.746852
372122590,1755170090783,1755170090902,119,0.23799,6503.622769
372122591,1755170091644,1755170091762,118,0.238,21.008403
372122592,1755170092730,1755170092854,124,0.238,4201.768945
372122596,1755170092730,1755170092855,125,0.238,41710.781322
372122597,1755170092730,1755170092855,125,0.238,5900.794664
372122598,1755170092730,1755170092855,125,0.238,4201.768945
372122599,1755170092730,1755170092855,125,0.238,360.648613
372122600,1755170092730,1755170092855,125,0.23801,3826.120332
372122601,1755170094240,1755170094361,121,0.23802,50
372122602,1755170094889,1755170095007,118,0.238,10
372122603,1755170094889,1755170095008,119,0.23799,15
372122604,1755170094889,1755170095008,119,0.23798,33.653342
372122605,1755170096102,1755170096219,117,0.23796,5850
372122606,1755170097029,1755170097150,121,0.23794,42.030934
372122607,1755170098182,1755170098298,116,0.23794,42.300968
372122609,1755170100406,1755170100522,116,0.238,30
372122612,1755170100723,1755170100846,123,0.238,1008.99
372122613,1755170101626,1755170101745,119,0.23801,1781.074558
372122615,1755170103522,1755170103641,119,0.23802,4613
372122616,1755170103523,1755170103641,118,0.23802,2887
372122617,1755170104403,1755170104522,119,0.23802,4591.706787
372122619,1755170104403,1755170104523,120,0.23803,2908.293213
372122622,1755170105530,1755170105645,115,0.23805,4337.78727
372122623,1755170105530,1755170105646,116,0.23806,2197.21273
372122624,1755170105532,1755170105647,115,0.23806,965
372122626,1755170106463,1755170106587,124,0.23806,7500
372122628,1755170106622,1755170106742,120,0.23807,7500
372122632,1755170106778,1755170106893,115,0.2381,7500
372122633,1755170106805,1755170106921,116,0.23811,15.000002
372122641,1755170106936,1755170107059,123,0.23811,40065.085789
372122643,1755170106936,1755170107059,123,0.2381,9935.398639
372122645,1755170106938,1755170107059,121,0.23812,7500
372122646,1755170106958,1755170107075,117,0.23812,4225.695394
372122647,1755170107097,1755170107218,121,0.23814,30
372122649,1755170107210,1755170107328,118,0.23815,4613.248133
372122650,1755170107210,1755170107328,118,0.23816,30
372122651,1755170107210,1755170107328,118,0.23817,15.000001
372122653,1755170107210,1755170107328,118,0.23818,2841.751866
372122654,1755170107470,1755170107586,116,0.23816,14.348897
372122656,1755170107648,1755170107766,118,0.23817,7500
372122659,1755170108158,1755170108284,126,0.23819,7500
372122660,1755170108180,1755170108298,118,0.23819,17.175
372122661,1755170109781,1755170109899,118,0.2382,4836
372122662,1755170109966,1755170110085,119,0.2382,2664
372122663,1755170110779,1755170110900,121,0.23819,190.042279
372122664,1755170110786,1755170110904,118,0.23818,40275.891079
372122665,1755170110858,1755170110982,124,0.23818,22090.43746
372122666,1755170110860,1755170110983,123,0.23818,53097.45792
372122667,1755170110860,1755170110983,123,0.23818,13433.45792
372122668,1755170110861,1755170110983,122,0.23818,20532.148604
372122671,1755170111115,1755170111230,115,0.23815,87.164262
372122672,1755170111612,1755170111730,118,0.2381,10
372122674,1755170112081,1755170112196,115,0.23814,7500
372122677,1755170112545,1755170112670,125,0.23814,7500
372122678,1755170113376,1755170113491,115,0.23811,15
372122679,1755170113497,1755170113614,117,0.2381,10
372122681,1755170115723,1755170115841,118,0.23815,10.833088
372122682,1755170118698,1755170118817,119,0.23811,38.815769
372122685,1755170118908,1755170119052,144,0.23807,9857.436553
372122690,1755170118908,1755170119052,144,0.23806,31770.835995
372122695,1755170118909,1755170119052,143,0.23805,19696.724399
372122699,1755170118909,1755170119052,143,0.23804,24852.479461
372122700,1755170118910,1755170119053,143,0.23804,3841
372122701,1755170118910,1755170119053,143,0.23804,755.988778
372122706,1755170118911,1755170119057,146,0.23803,45898.725336
372122710,1755170118912,1755170119057,145,0.23802,20274.741621
372122712,1755170118913,1755170119057,144,0.23801,20813.973484
372122715,1755170118920,1755170119065,145,0.238,1820
372122716,1755170118923,1755170119066,143,0.238,420.274019
372122719,1755170118970,1755170119103,133,0.23799,17249.501726
372122720,1755170118971,1755170119103,132,0.23798,2643
372122721,1755170118974,1755170119108,134,0.23797,7719.60603
372122723,1755170119176,1755170119294,118,0.23795,1338.1
372122724,1755170119201,1755170119320,119,0.23795,2075.305083
372122726,1755170119203,1755170119320,117,0.23795,4333.788822
372122733,1755170119203,1755170119320,117,0.23795,17321.166631
372122735,1755170119203,1755170119320,117,0.23793,3319.778287
372122736,1755170119203,1755170119320,117,0.23793,2214.71
372122737,1755170119212,1755170119329,117,0.23793,1272.7777
372122739,1755170119230,1755170119349,119,0.23793,2832
372122740,1755170119290,1755170119459,169,0.23794,5810
372122741,1755170119291,1755170119459,168,0.23795,10
372122742,1755170119291,1755170119459,168,0.23796,4342.0088
372122744,1755170119291,1755170119460,169,0.23797,8554.162196
372122745,1755170119291,1755170119460,169,0.23798,10232.72495
372122749,1755170119292,1755170119460,168,0.23799,21699.027627
372122754,1755170119293,1755170119460,167,0.238,23336.641628
372122756,1755170119294,1755170119474,180,0.23801,17243.861366
372122757,1755170119298,1755170119482,184,0.23799,1747.270942
372122758,1755170119299,1755170119482,183,0.238,8880
372122760,1755170119299,1755170119482,183,0.238,2032.433143
372122761,1755170119299,1755170119482,183,0.238,2250.276857
372122763,1755170119299,1755170119482,183,0.23803,3214.668498
372122767,1755170119299,1755170119482,183,0.23804,5547.675704
372122772,1755170119299,1755170119482,183,0.23805,16797.910279
372122774,1755170119299,1755170119482,183,0.23806,4188.383755
372122775,1755170119308,1755170119482,174,0.23807,13139.176942
372122776,1755170119310,1755170119495,185,0.23804,1259.89552
372122778,1755170119310,1755170119495,185,0.23805,10250.442236
372122779,1755170119310,1755170119495,185,0.23806,1906.860912
372122781,1755170119313,1755170119495,182,0.23806,9394.02356
372122782,1755170119313,1755170119495,182,0.23807,2100.884472
372122784,1755170119323,1755170119495,172,0.23808,5810
372122786,1755170119330,1755170119495,165,0.23808,1998.664227
372122789,1755170119331,1755170119495,164,0.23808,2069.144365
372122791,1755170119331,1755170119495,164,0.23807,15307.257468
372122792,1755170119356,1755170119495,139,0.23805,2098.555471
372122794,1755170119359,1755170119495,136,0.23805,1998.958487
372122796,1755170119368,1755170119495,127,0.23806,7873.3
372122798,1755170119716,1755170119833,117,0.23807,2222.455304
372122799,1755170119763,1755170119881,118,0.2381,10
372122800,1755170119763,1755170119881,118,0.23811,64.386154
372122801,1755170119764,1755170119881,117,0.23811,234.924257
372122802,1755170119775,1755170119894,119,0.2381,129.451625
372122803,1755170119776,1755170119895,119,0.2381,32.275823
372122804,1755170119778,1755170119895,117,0.23811,43.333927
372122805,1755170119780,1755170119895,115,0.2381,67.081708
372122806,1755170119782,1755170119896,114,0.23811,180.741474
372122807,1755170119782,1755170119897,115,0.2381,129.707528
372122808,1755170119782,1755170119897,115,0.23811,295.367146
372122810,1755170119783,1755170119898,115,0.23811,328.064846
372122811,1755170119786,1755170119901,115,0.23811,258.49191
372122812,1755170119790,1755170119907,117,0.23811,125.649895
372122813,1755170119791,1755170119907,116,0.23811,398.076123
372122814,1755170119796,1755170119918,122,0.23811,137.618305
372122815,1755170119804,1755170119924,120,0.2381,183.136969
372122816,1755170119806,1755170119924,118,0.2381,128.475151
372122817,1755170119843,1755170119962,119,0.23809,198.573982
372122818,1755170119846,1755170119968,122,0.23808,90.959137
372122819,1755170119850,1755170119968,118,0.23807,62.401589
372122820,1755170119856,1755170119976,120,0.23807,72.030035
372122821,1755170119928,1755170120053,125,0.23808,198.769065
372122822,1755170120676,1755170120794,118,0.23812,110.2172
372122823,1755170120764,1755170120880,116,0.23813,839.665813
372122824,1755170120769,1755170120883,114,0.23813,10790.377256
372122825,1755170121026,1755170121146,120,0.23814,124.272638
372122826,1755170121557,1755170121675,118,0.23815,10
372122827,1755170121563,1755170121678,115,0.23819,10
372122829,1755170122073,1755170122190,117,0.2382,30
372122830,1755170122077,1755170122193,116,0.23821,100.716983
372122832,1755170122290,1755170122409,119,0.23825,374.320251
372122833,1755170123854,1755170123974,120,0.23825,10
372122834,1755170123854,1755170123975,121,0.23822,299.409107
372122835,1755170124115,1755170124232,117,0.23822,20.989158
372122836,1755170124432,1755170124555,123,0.23824,4656
372122837,1755170124432,1755170124555,123,0.23824,0.385647
372122838,1755170124810,1755170124928,118,0.23825,10
372122839,1755170124826,1755170124946,120,0.23829,15
372122840,1755170125920,1755170126042,122,0.2383,10
372122843,1755170126454,1755170126569,115,0.23835,949.861185
372122844,1755170130048,1755170130166,118,0.23836,500
372122845,1755170130165,1755170130287,122,0.23836,86.320417
372122847,1755170131083,1755170131206,123,0.23837,8078.23551
372122848,1755170131086,1755170131207,121,0.23837,0.000001
372122849,1755170131574,1755170131694,120,0.23838,14267.764234
372122850,1755170131574,1755170131695,121,0.23839,20.018293
372122858,1755170131574,1755170131695,121,0.2384,894.330771
372122859,1755170131574,1755170131695,121,0.23841,15
372122860,1755170131574,1755170131695,121,0.23842,301.975421
372122863,1755170131574,1755170131695,121,0.23843,772.563615
372122864,1755170133593,1755170133714,121,0.23843,4490.847286
372122866,1755170133611,1755170133730,119,0.23844,46.283497
372122867,1755170133643,1755170133774,131,0.23845,10
372122870,1755170133643,1755170133775,132,0.23846,160.586716
372122871,1755170134136,1755170134251,115,0.23848,35.108802
372122873,1755170135119,1755170135234,115,0.23849,111.710347
372122880,1755170135408,1755170135530,122,0.2385,1879
372122883,1755170135408,1755170135531,123,0.2385,230.695174
372122884,1755170135413,1755170135531,118,0.2385,19.770566
372122885,1755170135528,1755170135646,118,0.23851,1048.525772
372122886,1755170135778,1755170135893,115,0.23852,57.398483
372122887,1755170136786,1755170136905,119,0.23852,696.2434
372122889,1755170136970,1755170137087,117,0.23853,706.635128
372122890,1755170137001,1755170137118,117,0.23854,13.0628
372122896,1755170137003,1755170137126,123,0.23854,21485.598654
372122901,1755170137003,1755170137126,123,0.23853,33692.270986
372122902,1755170137003,1755170137127,124,0.23853,1191.029014
372122904,1755170137004,1755170137127,123,0.2385,132.12898
372122905,1755170137004,1755170137127,123,0.23849,189.811842
372122906,1755170137004,1755170137127,123,0.23848,1227.909242
372122907,1755170137005,1755170137127,122,0.23848,5850
372122908,1755170137006,1755170137127,121,0.23846,2000
372122910,1755170137008,1755170137129,121,0.23846,2393
372122911,1755170137008,1755170137129,121,0.23847,246.862867
372122912,1755170137009,1755170137129,120,0.23847,216.963012
372122913,1755170137009,1755170137129,120,0.23847,162.010208
372122914,1755170137014,1755170137129,115,0.23847,419.210003
372122915,1755170137014,1755170137129,115,0.23846,9200
372122917,1755170137014,1755170137129,115,0.23845,25
372122918,1755170137016,1755170137131,115,0.23843,670.76078
372122919,1755170137023,1755170137142,119,0.23846,3910.59
372122921,1755170137023,1755170137142,119,0.23847,4469.41
372122922,1755170137027,1755170137142,115,0.23847,409.941513
372122924,1755170137049,1755170137170,121,0.23849,8771.71
372122926,1755170137049,1755170137170,121,0.23849,11190
372122927,1755170137072,1755170137190,118,0.23849,3910.59
372122929,1755170137084,1755170137210,126,0.23849,11491.230002
372122931,1755170137084,1755170137211,127,0.23849,8772
372122933,1755170137228,1755170137343,115,0.2385,206.985818
372122934,1755170138546,1755170138666,120,0.23853,4674.77
372122935,1755170138546,1755170138667,121,0.23853,2392
372122937,1755170138580,1755170138698,118,0.2385,199.803206
372122938,1755170138873,1755170138990,117,0.23849,231.1237
372122940,1755170141054,1755170141174,120,0.23845,23
372122941,1755170141176,1755170141294,118,0.23846,169.592996
372122942,1755170141437,1755170141554,117,0.23846,1120
372122944,1755170141437,1755170141555,118,0.23845,25
372122946,1755170142485,1755170142601,116,0.23843,4834
372122948,1755170142533,1755170142650,117,0.23841,6369.207027
372122949,1755170142533,1755170142651,118,0.2384,1.792973
372122951,1755170142636,1755170142756,120,0.2384,18.207027
372122952,1755170144506,1755170144626,120,0.23845,10
372122953,1755170146635,1755170146754,119,0.23848,153.372143
372122954,1755170146915,1755170147033,118,0.2385,189.803278
372122955,1755170146915,1755170147033,118,0.23851,4034.140483
372122956,1755170146915,1755170147033,118,0.23852,332.056938
372122957,1755170146915,1755170147033,118,0.23853,6222.314806
372122958,1755170147051,1755170147170,119,0.23851,290.859187
372122964,1755170149073,1755170149190,117,0.23854,33647
372122965,1755170149399,1755170149516,117,0.23851,15
372122972,1755170149794,1755170149916,122,0.23851,46151.662687
372122975,1755170149794,1755170149916,122,0.23851,27760.888624
372122977,1755170149794,1755170149916,122,0.23851,4192.784219
372122978,1755170149794,1755170149916,122,0.23851,4192.784219
372122981,1755170149794,1755170149916,122,0.23851,4192.784219
372122983,1755170149816,1755170149930,114,0.23851,7838.281852
372122984,1755170149816,1755170149930,114,0.23851,270.586202
372122985,1755170151337,1755170151458,121,0.23856,146.142199
372122986,1755170152452,1755170152570,118,0.23855,10
372122987,1755170152453,1755170152574,121,0.23853,15
372122988,1755170152453,1755170152574,121,0.23851,6344
372122989,1755170152562,1755170152678,116,0.23851,15
372122990,1755170152639,1755170152758,119,0.2385,10
372122992,1755170152639,1755170152758,119,0.23849,3015
372122993,1755170152640,1755170152758,118,0.23847,15
372122994,1755170152640,1755170152759,119,0.23846,4005.42066
372122997,1755170152640,1755170152759,119,0.23845,444.375131
372123002,1755170152640,1755170152759,119,0.23844,25693.314365
372123003,1755170152647,1755170152769,122,0.23843,15
372123004,1755170152658,1755170152777,119,0.23842,419.252054
372123006,1755170152704,1755170152838,134,0.23841,7162.18835
372123011,1755170152707,1755170152843,136,0.2384,9299.998398
372123014,1755170152707,1755170152843,136,0.23839,7704.729807
372123015,1755170152708,1755170152843,135,0.23838,39.999199
372123018,1755170152709,1755170152845,136,0.23837,7704.729807
372123021,1755170152709,1755170152845,136,0.23836,13902.667193
372123022,1755170152710,1755170152855,145,0.23837,419.385869
372123026,1755170152719,1755170152862,143,0.23835,2877.884956
372123027,1755170152731,1755170152871,140,0.23835,12000
372123028,1755170152911,1755170153030,119,0.23831,128.146746
372123030,1755170152952,1755170153067,115,0.2383,2848.601311
372123033,1755170153019,1755170153145,126,0.2383,1261.541106
372123035,1755170153245,1755170153377,132,0.2383,9772.71
372123036,1755170153246,1755170153377,131,0.23832,2246.857801
372123037,1755170153246,1755170153377,131,0.23832,5459.740041
372123038,1755170153246,1755170153377,131,0.23834,7721.788692
372123042,1755170153247,1755170153381,134,0.23835,10391.416996
372123044,1755170153247,1755170153382,135,0.23835,8514.715161
372123045,1755170153247,1755170153382,135,0.23836,7721.788692
372123046,1755170153251,1755170153392,141,0.23837,2067.810999
372123047,1755170153256,1755170153392,136,0.23839,39.999999
372123051,1755170153257,1755170153392,135,0.2384,109.999998
372123055,1755170153257,1755170153392,135,0.23841,10345.084654
372123056,1755170153261,1755170153394,133,0.23842,39.999999
372123057,1755170153263,1755170153398,135,0.2384,3200.142199
372123058,1755170153429,1755170153545,116,0.23842,730.15903
372123060,1755170153443,1755170153565,122,0.23842,6135
372123061,1755170153656,1755170153772,116,0.23841,268.938947
372123062,1755170153766,1755170153882,116,0.23843,11.663969
372123063,1755170153772,1755170153905,133,0.23842,125.172365
372123064,1755170153774,1755170153905,131,0.23843,317.068173
372123065,1755170153812,1755170153935,123,0.23843,292.702143
372123066,1755170153834,1755170153955,121,0.23843,262.228659
372123067,1755170153950,1755170154084,134,0.23843,297.011551
372123068,1755170157426,1755170157550,124,0.23839,15
372123069,1755170157426,1755170157551,125,0.23838,90.807205
372123074,1755170157984,1755170158103,119,0.23837,15913.112843
372123078,1755170159790,1755170159908,118,0.23837,6814.2895
372123079,1755170160212,1755170160334,122,0.23836,225.832735
372123080,1755170160248,1755170160363,115,0.23835,10
372123081,1755170160456,1755170160574,118,0.2383,10
372123082,1755170161810,1755170161925,115,0.2383,10
372123083,1755170162385,1755170162501,116,0.2383,10
372123085,1755170162700,1755170162815,115,0.2383,7973.98016
372123086,1755170162701,1755170162816,115,0.23831,15
372123088,1755170162701,1755170162816,115,0.23832,8867.444604
372123089,1755170163094,1755170163210,116,0.23835,1965.014475
372123091,1755170163094,1755170163214,120,0.23836,17669.84133
372123095,1755170163094,1755170163214,120,0.23837,18062.582407
372123098,1755170163094,1755170163214,120,0.23838,24569.334056
372123101,1755170163094,1755170163214,120,0.23839,17647.780186
372123102,1755170163094,1755170163214,120,0.2384,568.997434
372123103,1755170163792,1755170163907,115,0.23837,500
372123104,1755170164030,1755170164155,125,0.23835,10
372123105,1755170164565,1755170164686,121,0.23835,10
372123106,1755170164565,1755170164686,121,0.23836,490
372123107,1755170164991,1755170165106,115,0.23835,1833.666864
372123108,1755170165576,1755170165693,117,0.23831,15
372123109,1755170165750,1755170165870,120,0.2383,10
372123110,1755170166494,1755170166609,115,0.23829,392.444286
372123111,1755170167498,1755170167622,124,0.2383,10
372123112,1755170168969,1755170169085,116,0.23826,5810
372123113,1755170169968,1755170170085,117,0.2383,10
372123114,1755170173259,1755170173374,115,0.23834,3998.9305
372123116,1755170174201,1755170174318,117,0.23835,26.457152
372123117,1755170174823,1755170174940,117,0.23836,18.576911
372123118,1755170175356,1755170175476,120,0.23836,6.630426
372123119,1755170175356,1755170175476,120,0.23837,2019.336511
372123122,1755170175356,1755170175476,120,0.23838,21417.58804
372123125,1755170175356,1755170175476,120,0.23839,16643.558204
372123131,1755170175356,1755170175476,120,0.2384,10346.187306
372123135,1755170175356,1755170175476,120,0.23841,12716.337001
372123137,1755170175356,1755170175476,120,0.23842,11205.272511
372123141,1755170176164,1755170176285,121,0.2384,6504.236786
372123142,1755170176236,1755170176352,116,0.2384,5850
372123143,1755170176697,1755170176898,201,0.2384,10
372123144,1755170177444,1755170177562,118,0.2384,10
372123145,1755170178971,1755170179088,117,0.23842,239.424964
372123146,1755170181782,1755170181900,118,0.23843,10.868116
372123147,1755170186051,1755170186170,119,0.23848,838.64475
372123148,1755170186269,1755170186397,128,0.23847,5810
372123150,1755170186269,1755170186397,128,0.23845,7393.511208
372123151,1755170186269,1755170186397,128,0.23844,133.267284
372123155,1755170186270,1755170186397,127,0.23843,31347.01493
372123158,1755170186271,1755170186399,128,0.23842,14823.84198
372123160,1755170186271,1755170186399,128,0.23841,3859
372123161,1755170186272,1755170186400,128,0.23841,3543.32005
372123164,1755170186272,1755170186400,128,0.2384,2117.315436
372123168,1755170186273,1755170186400,127,0.23839,20480.794646
372123169,1755170186273,1755170186400,127,0.23838,335.638756
372123175,1755170186274,1755170186405,131,0.23837,21763.773232
372123178,1755170186275,1755170186406,131,0.23836,4878.475203
372123179,1755170186276,1755170186406,130,0.23837,9954.05765
372123182,1755170186276,1755170186415,139,0.23835,2946.9402
372123183,1755170186297,1755170186425,128,0.23838,419.445493
372123184,1755170186306,1755170186437,131,0.23837,39.999199
372123185,1755170186307,1755170186438,131,0.23836,9200
372123186,1755170186308,1755170186439,131,0.23835,39.999199
372123188,1755170186317,1755170186450,133,0.23834,5889.999199
372123190,1755170186366,1755170186482,116,0.23834,2064
372123192,1755170186373,1755170186488,115,0.23834,1596
372123194,1755170186387,1755170186506,119,0.23834,6051.82
372123196,1755170186412,1755170186533,121,0.23834,6284.999828
372123197,1755170186413,1755170186533,120,0.23834,1050
372123200,1755170186416,1755170186534,118,0.23834,1631.123763
372123201,1755170186453,1755170186572,119,0.23831,2643
372123202,1755170186453,1755170186572,119,0.23831,3207
372123203,1755170186453,1755170186572,119,0.23831,5850.59089
372123204,1755170186453,1755170186572,119,0.23831,2730.437892
372123206,1755170186453,1755170186572,119,0.2383,8492.262604
372123208,1755170186454,1755170186572,118,0.23829,9966.84056
372123209,1755170186456,1755170186575,119,0.23829,7469.483691
372123210,1755170186494,1755170186609,115,0.23829,2067.820001
372123211,1755170186523,1755170186638,115,0.2383,515.76
372123212,1755170186658,1755170186797,139,0.23833,1606.419999
372123213,1755170186804,1755170186930,126,0.23833,5810
372123215,1755170186804,1755170186930,126,0.23835,25
372123216,1755170186804,1755170186930,126,0.23836,7180.659525
372123219,1755170186805,1755170186933,128,0.23837,19533.302646
372123221,1755170186805,1755170186933,128,0.23837,14329.936213
372123223,1755170186805,1755170186933,128,0.23837,7766.25884
372123225,1755170186805,1755170186933,128,0.23838,7440.798908
372123228,1755170186805,1755170186933,128,0.23838,19755.809754
372123229,1755170186806,1755170186933,127,0.23838,3479.01664
372123231,1755170186806,1755170186933,127,0.23839,5837.513159
372123233,1755170186806,1755170186933,127,0.23839,11472.539054
372123234,1755170186806,1755170186933,127,0.23839,4785.370268
372123238,1755170186813,1755170186945,132,0.2384,30027.680632
372123240,1755170186814,1755170186945,131,0.23841,240.80949
372123241,1755170186815,1755170186945,130,0.23842,79.999198
372123243,1755170186817,1755170186945,128,0.23843,2472.805869
