tradeID,ts_exchange_ms,ts_received_ms,delay,price,volume
642194885,1754999099495,1754999099.6025472,1,4272.17,0.00032
642194886,1754999100979,1754999101.09017,1,4272.12,0.044282
642194887,1754999100979,1754999101.0903196,1,4272.01,0.03
642194888,1754999101007,1754999101.1160834,1,4272,0.662
642194890,1754999101010,1754999101.1194386,1,4272,0.00052
642194891,1754999101015,1754999101.1226282,1,4271.95,0.000236
642194892,1754999101015,1754999101.1226797,1,4271.93,0.016454
642194893,1754999101016,1754999101.1227088,1,4271.88,0.0001
642194894,1754999101016,1754999101.1227326,1,4271.85,0.15
642194895,1754999101016,1754999101.1227553,1,4271.84,0.044282
642194897,1754999101016,1754999101.1227777,1,4271.75,0.089988
642194898,1754999101016,1754999101.1311693,1,4271.67,0.03
642194899,1754999101016,1754999101.1312718,1,4271.65,0.266329
642194900,1754999101016,1754999101.1313567,1,4271.64,0.122301
642194901,1754999101027,1754999101.1389189,1,4271.64,0.015027
642194902,1754999101039,1754999101.1489444,1,4271.57,0.0001
642194903,1754999101074,1754999101.3146212,1,4271.56,0.044282
642194904,1754999101080,1754999101.3146489,1,4271.46,0.016454
642194905,1754999101089,1754999101.3146973,1,4271.36,0.000236
642194907,1754999101378,1754999101.4877703,1,4271.32,0.00032
642194909,1754999101509,1754999101.6218305,1,4271.31,0.089988
642194910,1754999101509,1754999101.621945,1,4271.28,0.044282
642194911,1754999101509,1754999101.6219761,1,4271.26,0.0001
642194912,1754999101509,1754999101.6220014,1,4271.22,0.15
642194913,1754999101509,1754999101.6220253,1,4271.2,0.023522
642194914,1754999101509,1754999101.6220486,1,4271.13,0.193074
642194915,1754999101509,1754999101.622071,1,4271.11,0.202034
642194916,1754999101941,1754999102.0519001,1,4271.11,0.235297
642194917,1754999102818,1754999102.92541,1,4271.12,0.149724
642194918,1754999102956,1754999103.062478,1,4271.12,0.1
642194919,1754999102957,1754999103.0642283,1,4271.12,0.1
642194920,1754999102970,1754999103.077137,1,4271.12,0.03
642194921,1754999102970,1754999103.0771952,1,4271.14,0.12
642194922,1754999102999,1754999103.1086109,1,4271.4,0.03
642194923,1754999102999,1754999103.1087391,1,4271.5,0.756762
642194924,1754999103345,1754999103.4524014,1,4271.5,0.117054
642194929,1754999103429,1754999103.5389297,1,4271.5,2.014095
642194930,1754999103561,1754999103.6684186,1,4271.5,0.058115
642194931,1754999103719,1754999103.8269806,1,4271.49,0.00032
642194932,1754999104620,1754999104.7334478,1,4271.47,0.03
642194933,1754999104956,1754999105.0637581,1,4271.3,0.005231
642194935,1754999104979,1754999105.0954294,1,4271.3,0.103893
642194936,1754999105732,1754999105.8426385,1,4271.37,0.00047
642194937,1754999105770,1754999105.881297,1,4271.37,0.00032
642195144,1754999144982,1754999145092,110,4274.01,0.03
642195145,1754999144982,1754999145092,110,4274.28,0.07
642195146,1754999144983,1754999145092,109,4274.28,0.1
642195147,1754999145039,1754999145146,107,4274.29,0.017132
642195149,1754999145057,1754999145164,107,4274.29,0.999
642195150,1754999145912,1754999146022,110,4274.35,0.055
642195151,1754999146076,1754999146186,110,4274.36,0.044282
642195153,1754999146076,1754999146187,111,4274.37,0.055718
642195154,1754999146077,1754999146187,110,4274.37,0.03427
642195155,1754999146077,1754999146187,110,4274.4,0.023522
642195156,1754999146077,1754999146187,110,4274.45,0.0001
642195157,1754999146077,1754999146187,110,4274.51,0.042108
642195158,1754999146134,1754999146243,109,4274.51,0.233234
642195159,1754999146207,1754999146319,112,4274.59,0.1
642195160,1754999146476,1754999146595,119,4274.62,0.1
642195161,1754999146477,1754999146595,118,4274.62,0.1
642195163,1754999146537,1754999146649,112,4274.64,0.049282
642195164,1754999146537,1754999146649,112,4274.65,0.050718
642195165,1754999146800,1754999146910,110,4274.72,0.015101
642195166,1754999146939,1754999147049,110,4274.73,0.016454
642195167,1754999146939,1754999147049,110,4274.76,0.0001
642195169,1754999146939,1754999147049,110,4274.81,0.089988
642195170,1754999147139,1754999147245,106,4274.87,0.19019
642195171,1754999147361,1754999147474,113,4274.91,0.0151
642195173,1754999147732,1754999147842,110,4274.92,0.1
642195174,1754999147733,1754999147844,111,4274.92,0.1
642195175,1754999147895,1754999148001,106,4274.99,0.036418
642195177,1754999148535,1754999148645,110,4275,0.233
642195178,1754999148924,1754999149034,110,4275,0.1
642195179,1754999148925,1754999149035,110,4275,0.1
642195180,1754999148958,1754999149068,110,4275,0.637781
642195181,1754999148958,1754999149068,110,4275.07,0.0001
642195182,1754999148958,1754999149068,110,4275.19,0.016454
642195184,1754999148958,1754999149068,110,4275.2,0.067804
642195185,1754999148958,1754999149068,110,4275.23,0.311382
642195186,1754999152249,1754999152360,111,4275.24,0.03
642195187,1754999154100,1754999154208,108,4274.99,0.03
642195188,1754999154100,1754999154208,108,4274.92,0.044282
642195189,1754999154100,1754999154208,108,4274.9,0.000236
642195190,1754999154100,1754999154208,108,4274.73,0.016454
642195191,1754999154117,1754999154228,111,4274.71,0.028
642195192,1754999154276,1754999154384,108,4274.71,0.01096
642202255,1754999970499,1754999970612,113,4291.45,0.03
642202256,1754999970549,1754999970663,114,4291.67,0.03
642202257,1754999971158,1754999971267,109,4291.88,0.001068
642202258,1754999971438,1754999971551,113,4291.89,0.1
642202259,1754999971439,1754999971552,113,4291.89,0.1
642202260,1754999971831,1754999971945,114,4291.88,0.03
642202261,1754999972126,1754999972397,271,4291.59,0.1
642202263,1754999972127,1754999972398,271,4291.59,0.1
642202264,1754999972338,1754999972452,114,4291.59,0.000466
642202265,1754999973869,1754999973980,111,4291.58,0.03
642202266,1754999973869,1754999973980,111,4291.45,0.000235
642202267,1754999973886,1754999973996,110,4291.44,0.003007
642202269,1754999973929,1754999974044,115,4291.44,0.041375
642202271,1754999973929,1754999974044,115,4291.43,0.089988
642202272,1754999973929,1754999974044,115,4291.35,0.03
642202273,1754999973939,1754999974048,109,4291.23,0.013984
642202274,1754999973945,1754999974055,110,4291.21,0.293
642202275,1754999974909,1754999975021,112,4291.2,0.023522
642202276,1754999974929,1754999975044,115,4291.16,0.044282
642202277,1754999974929,1754999975044,115,4291.13,0.0001
642202279,1754999974929,1754999975044,115,4291.06,0.073319
642202281,1754999974929,1754999975044,115,4291,0.089988
642202282,1754999974929,1754999975044,115,4290.93,0.001281
642202283,1754999974946,1754999975062,116,4290.91,0.005
642202285,1754999975139,1754999975273,134,4290.88,0.194282
642202286,1754999975139,1754999975273,134,4290.87,0.000825
642202287,1754999975139,1754999975273,134,4290.82,0.0001
642202288,1754999975139,1754999975273,134,4290.74,0.000468
642202289,1754999975149,1754999975273,124,4290.7,0.0125
642202290,1754999975268,1754999975381,113,4290.61,0.023306
642202291,1754999975296,1754999975409,113,4290.61,0.076
642202292,1754999976186,1754999976299,113,4290.6,0.002357
642202293,1754999976186,1754999976299,113,4290.6,0.007314
642202294,1754999977611,1754999977725,114,4290.61,0.1
642202295,1754999977613,1754999977725,112,4290.61,0.1
642202297,1754999978139,1754999978258,119,4290.6,0.051657
642202298,1754999978139,1754999978258,119,4290.59,0.016454
642202301,1754999978139,1754999978258,119,4290.56,0.090223
642202302,1754999978139,1754999978258,119,4290.51,0.0001
642202303,1754999978299,1754999978409,110,4290.4,0.023522
642202304,1754999978299,1754999978409,110,4290.32,0.044282
642202305,1754999978299,1754999978410,111,4290.29,0.15
642202306,1754999978299,1754999978410,111,4290.23,0.025
642202308,1754999978359,1754999978468,109,4290.2,0.2611
642202309,1754999979171,1754999979284,113,4290.19,0.092298
642202310,1754999980359,1754999980471,112,4290.21,0.03
642202311,1754999980508,1754999980621,113,4290.39,0.03
642202312,1754999980508,1754999980621,113,4290.55,0.07
642202313,1754999980508,1754999980621,113,4290.55,0.1
642202314,1754999980529,1754999980644,115,4290.58,0.03
642202315,1754999980539,1754999980650,111,4290.6,0.044282
642202316,1754999980539,1754999980650,111,4290.61,0.017044
642202317,1754999980539,1754999980650,111,4290.68,0.025
642202319,1754999980790,1754999980903,113,4290.88,0.1
642202320,1754999980791,1754999980905,114,4290.88,0.1
642202321,1754999980999,1754999981109,110,4290.85,0.03
642202322,1754999981099,1754999981213,114,4290.6,0.044282
642202323,1754999981099,1754999981213,114,4290.57,0.03
642202324,1754999981389,1754999981567,178,4290.42,0.03
642202325,1754999981389,1754999981567,178,4290.32,0.044282
642202326,1754999984082,1754999984195,113,4290.31,0.1
642202327,1754999984084,1754999984196,112,4290.31,0.1
642202328,1754999984469,1754999984582,113,4290.27,0.000235
642202330,1754999984519,1754999984637,118,4290.13,0.032223
642202332,1754999984519,1754999984637,118,4290.12,0.089988
642202333,1754999984519,1754999984637,118,4290.04,0.044282
642202335,1754999984719,1754999984832,113,4290,0.121223
642202336,1754999984719,1754999984832,113,4289.89,0.0001
642202338,1754999986491,1754999986602,111,4289.76,0.06132
642202339,1754999986499,1754999986609,110,4289.76,0.000006
642202340,1754999986520,1754999986630,110,4289.68,0.006587
642202342,1754999988086,1754999988206,120,4289.68,0.047
642202344,1754999988120,1754999988240,120,4289.68,2.09488
642202345,1754999988120,1754999988241,121,4289.68,0.458691
642202347,1754999988121,1754999988241,120,4289.68,0.755768
642202348,1754999988121,1754999988241,120,4289.66,0.016454
642202349,1754999988205,1754999988332,127,4289.6,0.023522
642202350,1754999988205,1754999988332,127,4289.58,0.0001
642202351,1754999988219,1754999988333,114,4289.48,0.044282
642202352,1754999988429,1754999988542,113,4289.27,0.0001
642202354,1754999988439,1754999988549,110,4289.25,0.089988
642202355,1754999988439,1754999988550,111,4289.2,0.044282
642202356,1754999988439,1754999988550,111,4289.19,0.016454
642202357,1754999988439,1754999988550,111,4289.11,0.02
642202364,1754999988479,1754999988593,114,4289.07,5
642202365,1754999988482,1754999988594,112,4289.06,0.002335
642202366,1754999988785,1754999988898,113,4289.07,0.03
642202367,1754999989039,1754999989152,113,4289.33,0.03
642202368,1754999989151,1754999989267,116,4289.39,0.1
642202369,1754999989152,1754999989267,115,4289.39,0.1
642202371,1754999989658,1754999989771,113,4289.41,0.1
642202374,1754999989659,1754999989773,114,4289.41,0.1
642202376,1754999990299,1754999990408,109,4289.4,0.226602
642202381,1754999990538,1754999990651,113,4289.39,4.330868
642202382,1754999990755,1754999990868,113,4289.38,0.003694
642202383,1754999991229,1754999991342,113,4289.33,0.03
642202385,1754999992034,1754999992146,112,4289.21,1.008062
642202386,1754999992329,1754999992444,115,4289.2,0.257203
642202387,1754999992629,1754999992744,115,4289.08,0.03
642202388,1754999993973,1754999994094,121,4289.01,0.01187
642202389,1754999993973,1754999994094,121,4289.01,0.01187
642202394,1754999993973,1754999994094,121,4289.01,7.774528
642202395,1754999993973,1754999994094,121,4289.06,1.920115
642202396,1754999993973,1754999994094,121,4289.09,0.03
642202398,1754999993973,1754999994094,121,4289.1,1.687
642202399,1754999993973,1754999994094,121,4289.15,0.03
642202400,1754999993973,1754999994094,121,4289.16,0.5
642202401,1754999993973,1754999994094,121,4289.18,1.862
642202402,1754999993973,1754999994095,122,4289.2,1.187
642202404,1754999993973,1754999994095,122,4289.28,0.823561
642202405,1754999993973,1754999994095,122,4289.29,0.826154
642202406,1754999993973,1754999994108,135,4289.3,1.187
642202407,1754999993973,1754999994108,135,4289.31,2.550014
642202408,1754999993973,1754999994108,135,4289.37,0.000235
642202409,1754999993973,1754999994108,135,4289.4,1.187
642202411,1754999993973,1754999994108,135,4289.41,4.15356
642202412,1754999993973,1754999994108,135,4289.44,2.61
642202413,1754999993973,1754999994108,135,4289.47,1.399013
642202414,1754999993973,1754999994108,135,4289.48,0.044282
642202417,1754999993973,1754999994108,135,4289.49,3.403314
642202418,1754999993973,1754999994108,135,4289.5,1.187
642202419,1754999993973,1754999994108,135,4289.52,0.663405
642202420,1754999993973,1754999994108,135,4289.55,0.002772
642202421,1754999993973,1754999994108,135,4289.56,3.4969
642202423,1754999993973,1754999994122,149,4289.6,1.76997
642202424,1754999993973,1754999994122,149,4289.61,3.491
642202425,1754999993976,1754999994122,146,4289.62,0.00015
642202427,1754999993976,1754999994122,146,4289.66,0.016689
642202429,1754999993976,1754999994122,146,4289.68,0.089988
642202430,1754999993976,1754999994122,146,4289.71,0.02798
642202432,1754999993976,1754999994122,146,4289.72,1.20235
642202433,1754999993976,1754999994122,146,4289.73,1.342868
642202434,1754999993976,1754999994123,147,4289.73,0.480217
642202435,1754999993976,1754999994134,158,4289.73,0.4
642202436,1754999993976,1754999994134,158,4289.73,0.568198
642202438,1754999993976,1754999994134,158,4289.73,0.807434
642202440,1754999993976,1754999994134,158,4289.74,0.9339
642202441,1754999993976,1754999994134,158,4289.74,0.423315
642202442,1754999993976,1754999994134,158,4289.74,0.201601
642202443,1754999993976,1754999994134,158,4289.74,0.049947
642202444,1754999993976,1754999994134,158,4289.76,0.044282
642202445,1754999993976,1754999994134,158,4289.81,0.01
642202446,1754999993976,1754999994145,169,4289.82,0.0001
642202447,1754999993976,1754999994145,169,4289.89,1.082671
642202448,1754999993976,1754999994145,169,4289.89,0.228599
642202449,1754999993976,1754999994145,169,4289.89,0.150732
642202451,1754999993976,1754999994145,169,4289.89,1.187
642202452,1754999993976,1754999994145,169,4289.89,0.117393
642202453,1754999993977,1754999994154,177,4289.89,1.972883
642202454,1754999993977,1754999994154,177,4289.9,0.03
642202455,1754999993977,1754999994155,178,4289.91,0.005407
642202456,1754999993977,1754999994155,178,4289.94,0.01
642202457,1754999993977,1754999994155,178,4289.95,0.35571
642202458,1754999993977,1754999994155,178,4289.95,0.59029
642202459,1754999993977,1754999994155,178,4289.96,0.000235
642202460,1754999993977,1754999994155,178,4290.01,0.03
642202462,1754999993977,1754999994155,178,4290.04,0.775282
642202463,1754999993977,1754999994175,198,4290.05,0.00015
642202465,1754999993977,1754999994175,198,4290.1,4.300473
642202468,1754999993977,1754999994175,198,4290.12,0.820988
642202470,1754999993977,1754999994175,198,4290.13,0.016554
642202471,1754999993977,1754999994175,198,4290.16,0.236504
642202472,1754999993977,1754999994175,198,4290.21,0.01
642202473,1754999993977,1754999994175,198,4290.26,0.000235
642202474,1754999993977,1754999994175,198,4290.3,4.677542
642202475,1754999993977,1754999994175,198,4290.32,0.044282
642202476,1754999993977,1754999994175,198,4290.33,0.024474
642202477,1754999993977,1754999994175,198,4290.34,0.01
642202478,1754999993977,1754999994175,198,4290.4,0.023522
642202479,1754999993978,1754999994175,197,4290.43,0.209805
642202480,1754999993978,1754999994175,197,4290.44,0.0001
642202481,1754999993978,1754999994183,205,4290.48,0.00015
642202482,1754999993978,1754999994183,205,4290.51,1.535464
642202483,1754999993978,1754999994183,205,4290.55,0.000235
642202485,1754999993978,1754999994183,205,4290.56,0.089988
642202486,1754999993978,1754999994183,205,4290.59,0.016454
642202487,1754999993978,1754999994183,205,4290.6,0.044282
642202488,1754999993978,1754999994183,205,4290.63,0.15
642202489,1754999993978,1754999994184,206,4290.68,0.2
642202490,1754999993979,1754999994193,214,4290.76,0.03
642202491,1754999993980,1754999994193,213,4290.08,0.005407
642202492,1754999993980,1754999994193,213,4290.85,0.000235
642202494,1754999993980,1754999994193,213,4290.88,0.094358
642202495,1754999993982,1754999994193,211,4290.88,0.1
642202496,1754999993986,1754999994193,207,4290.68,0.233157
642202497,1754999993994,1754999994197,203,4290.75,0.0001
642202498,1754999993994,1754999994197,203,4290.8,0.1999
642202499,1754999994039,1754999994200,161,4290.91,0.00015
642202500,1754999994097,1754999994206,109,4291,0.002
642202503,1754999994189,1754999994302,113,4291,0.4652
642202504,1754999994190,1754999994303,113,4291,0.2326
642202507,1754999994259,1754999994369,110,4290.99,2.864
642202508,1754999995327,1754999995447,120,4291,0.1
642202509,1754999995329,1754999995447,118,4291,0.1
642202510,1754999996058,1754999996170,112,4290.99,0.019
642202511,1754999996499,1754999996611,112,4291,0.241804
642202512,1754999997812,1754999997929,117,4290.99,0.005
642202513,1754999997812,1754999997929,117,4290.99,0.005
642202514,1754999997812,1754999997929,117,4290.99,0.005
642202515,1754999997812,1754999997929,117,4290.99,0.005
642202516,1754999997812,1754999997929,117,4290.99,0.005
642202517,1754999997812,1754999997929,117,4290.99,0.005
642202518,1754999998334,1754999998444,110,4291,0.303232
642202519,1754999999090,1754999999202,112,4291,0.122721
642202520,1754999999549,1754999999661,112,4290.99,0.189036
642202521,1755000000214,1755000000325,111,4290.96,0.5
642202522,1755000000215,1755000000325,110,4290.9,0.5
642202524,1755000000219,1755000000330,111,4290.79,0.030001
642202525,1755000000221,1755000000331,110,4290.79,0.03
642202526,1755000000221,1755000000331,110,4290.79,0.03
642202527,1755000000221,1755000000331,110,4290.79,0.059999
642202528,1755000000237,1755000000347,110,4290.69,0.088
642202529,1755000000366,1755000000478,112,4290.68,0.15
642202530,1755000000369,1755000000488,119,4290.6,0.044282
642202533,1755000000369,1755000000488,119,4290.56,0.090223
642202534,1755000000369,1755000000488,119,4290.55,0.03
642202535,1755000000369,1755000000488,119,4290.43,0.013987
642202536,1755000000369,1755000000488,119,4290.32,0.044282
642202537,1755000000369,1755000000488,119,4290.27,0.000235
642202538,1755000000369,1755000000488,119,4290.24,0.03
642202539,1755000000369,1755000000488,119,4290.2,0.0001
642202540,1755000000597,1755000000708,111,4290.17,0.02318
642202541,1755000000600,1755000000711,111,4290.18,0.011654
642202542,1755000000680,1755000000795,115,4290.17,0.223477
642202543,1755000000680,1755000000796,116,4290.15,1.173807
642202544,1755000000680,1755000000796,116,4290.14,0.225009
642202545,1755000000680,1755000000796,116,4290.13,0.016454
642202547,1755000000680,1755000000796,116,4290.12,0.089988
642202548,1755000000680,1755000000796,116,4290.09,0.03
642202550,1755000000683,1755000000800,117,4290.04,0.194282
642202551,1755000000683,1755000000800,117,4290.02,0.01
642202552,1755000000683,1755000000800,117,4289.97,0.000235
642202553,1755000000684,1755000000800,116,4289.93,0.347585
642202554,1755000000684,1755000000800,116,4289.92,0.03
642202556,1755000000684,1755000000800,116,4289.89,0.347685
642202557,1755000000690,1755000000800,110,4289.83,0.241443
642202559,1755000000690,1755000000800,110,4289.77,0.185407
642202560,1755000000690,1755000000800,110,4289.76,0.044282
642202563,1755000000691,1755000000802,111,4289.68,0.320439
642202564,1755000000691,1755000000819,128,4289.67,0.000235
642202565,1755000000691,1755000000819,128,4289.66,0.016454
642202566,1755000000691,1755000000819,128,4289.61,0.00015
642202568,1755000000691,1755000000819,128,4289.6,1.210522
642202569,1755000000691,1755000000819,128,4289.58,0.0001
642202570,1755000000691,1755000000819,128,4289.54,0.01
642202571,1755000000697,1755000000820,123,4289.55,0.017
642202573,1755000000811,1755000000923,112,4289.48,0.290836
642202574,1755000000829,1755000000939,110,4289.27,0.0001
642202576,1755000001259,1755000001372,113,4289.26,0.15
642202577,1755000001397,1755000001506,109,4289.4,0.001165
642202578,1755000001517,1755000001628,111,4289.26,0.1
642202579,1755000001518,1755000001628,110,4289.26,0.1
642202580,1755000002078,1755000002189,111,4289.3,0.1
642202581,1755000002079,1755000002190,111,4289.3,0.02
642202582,1755000002079,1755000002190,111,4289.4,0.003701
642202583,1755000002079,1755000002190,111,4289.44,0.03
642202584,1755000002079,1755000002190,111,4289.54,0.046299
642202585,1755000002484,1755000002594,110,4289.61,0.03
642202586,1755000002486,1755000002596,110,4289.76,0.044282
642202587,1755000002486,1755000002596,110,4289.88,0.055718
642202588,1755000002487,1755000002598,111,4289.88,0.1
642202589,1755000002569,1755000002679,110,4289.88,0.000466
642202590,1755000002929,1755000003039,110,4289.88,0.002619
642202591,1755000002946,1755000003057,111,4289.9,0.007662
642202592,1755000003003,1755000003112,109,4289.99,0.1
642202593,1755000003004,1755000003114,110,4289.99,0.1
642202594,1755000003046,1755000003156,110,4290.04,0.044282
642202595,1755000003046,1755000003156,110,4290.05,0.00015
642202597,1755000003046,1755000003156,110,4290.09,0.055568
642202598,1755000003047,1755000003157,110,4290.09,0.1
642202601,1755000003402,1755000003512,110,4290.12,0.1
642202602,1755000003403,1755000003515,112,4290.12,0.1
642202603,1755000003419,1755000003531,112,4290.13,0.016454
642202604,1755000003429,1755000003539,110,4290.29,0.005407
642202605,1755000003475,1755000003593,118,4290.32,0.000233
642202606,1755000003489,1755000003612,123,4290.32,0.044049
642202607,1755000003489,1755000003613,124,4290.35,0.005407
642202609,1755000003519,1755000003631,112,4290.4,0.023622
642202610,1755000003709,1755000003820,111,4290.41,0.001165
642202611,1755000003710,1755000003824,114,4290.41,0.005826
642202612,1755000003796,1755000003905,109,4290.41,0.001398
642202613,1755000003847,1755000003962,115,4290.41,0.1
642202614,1755000003848,1755000003962,114,4290.41,0.1
642202626,1755000004538,1755000004658,120,4290.41,12.19562
642202627,1755000004539,1755000004658,119,4290.41,0.000007
642202629,1755000004541,1755000004658,117,4290.55,0.787842
642202631,1755000004541,1755000004658,117,4290.56,0.089988
642202632,1755000004541,1755000004658,117,4290.58,0.509428
642202633,1755000004541,1755000004658,117,4290.58,1.048
642202634,1755000004541,1755000004658,117,4290.58,0.894
642202635,1755000004541,1755000004658,117,4290.58,1.043
642202636,1755000004541,1755000004658,117,4290.59,0.016454
642202637,1755000004541,1755000004670,129,4290.6,0.044282
642202638,1755000004542,1755000004670,128,4290.69,1.171636
642202639,1755000004542,1755000004670,128,4290.71,0.0001
642202640,1755000004542,1755000004670,128,4290.85,0.000235
642202642,1755000004542,1755000004670,128,4290.88,0.673861
642202643,1755000004542,1755000004670,128,4290.89,1.862
642202644,1755000004542,1755000004670,128,4290.9,0.27097
642202645,1755000004542,1755000004670,128,4290.97,0.787607
642202646,1755000004542,1755000004670,128,4290.99,0.241562
642202649,1755000004542,1755000004670,128,4291,0.2407
642202651,1755000004542,1755000004670,128,4291.02,0.146802
642202653,1755000004542,1755000004670,128,4291.03,0.859721
642202654,1755000004542,1755000004670,128,4291.06,0.016454
642202655,1755000004542,1755000004670,128,4291.1,0.025
642202656,1755000004545,1755000004670,125,4291.1,1.187
642202657,1755000004545,1755000004670,125,4291.11,0.261
642202658,1755000004545,1755000004670,125,4291.16,0.044282
642202661,1755000004545,1755000004670,125,4291.2,1.420292
642202662,1755000004545,1755000004670,125,4291.3,0.15
642202663,1755000004545,1755000004670,125,4291.33,0.0001
642202664,1755000004545,1755000004670,125,4291.35,0.005
642202666,1755000004548,1755000004677,129,4291.43,0.089988
642202667,1755000004548,1755000004677,129,4291.44,0.010012
642202669,1755000004549,1755000004677,128,4291.44,0.034505
642202670,1755000004549,1755000004677,128,4291.53,0.016454
642202671,1755000004549,1755000004677,128,4291.59,0.049041
642202672,1755000004589,1755000004699,110,4291.59,0.006069
642202673,1755000004602,1755000004714,112,4291.72,0.044282
642202674,1755000004602,1755000004714,112,4291.77,0.00015
642202675,1755000004602,1755000004714,112,4291.8,0.129768
642202678,1755000004657,1755000004767,110,4291.87,0.1
642202679,1755000004659,1755000004768,109,4291.87,0.1
642202680,1755000004669,1755000004780,111,4291.99,0.016454
642202681,1755000005304,1755000005439,135,4292,0.004659
642202682,1755000005401,1755000005510,109,4292,0.001164
642202685,1755000006247,1755000006363,116,4292,0.1
642202687,1755000006248,1755000006363,115,4292,0.1
642202689,1755000006669,1755000006781,112,4292.05,0.01
642202690,1755000006759,1755000006868,109,4292.08,0.06
642202691,1755000006804,1755000006913,109,4292.08,0.086881
642202692,1755000006831,1755000006940,109,4292.09,0.1
642202693,1755000006832,1755000006941,109,4292.09,0.1
642202694,1755000006995,1755000007109,114,4292.09,0.000465
642202696,1755000007418,1755000007527,109,4292.09,0.873018
642202697,1755000007796,1755000007911,115,4292.09,0.001164
642202698,1755000008135,1755000008248,113,4292.09,0.1
642202699,1755000008136,1755000008249,113,4292.09,0.1
642202700,1755000008496,1755000008607,111,4292.09,0.000698
642202701,1755000008629,1755000008742,113,4292.08,0.005
642202702,1755000008629,1755000008742,113,4292.08,0.005
642202703,1755000008630,1755000008742,112,4292.08,0.005
642202704,1755000008939,1755000009057,118,4292.09,0.017059
642202705,1755000008939,1755000009057,118,4292.1,0.0001
642202708,1755000008941,1755000009057,116,4292.15,0.015
642202709,1755000009049,1755000009161,112,4292.17,0.07
642202710,1755000009062,1755000009173,111,4292.2,0.00015
642202711,1755000009062,1755000009173,111,4292.21,0.09985
642202712,1755000009066,1755000009177,111,4292.25,0.05
642202713,1755000009066,1755000009177,111,4292.28,0.044282
642202714,1755000009066,1755000009177,111,4292.29,0.005718
642202715,1755000009142,1755000009252,110,4292.31,0.003049
642202717,1755000009999,1755000010109,110,4292.31,0.086939
642202718,1755000009999,1755000010109,110,4292.35,0.005
642202719,1755000009999,1755000010109,110,4292.41,0.0001
642202720,1755000009999,1755000010109,110,4292.45,0.005
642202721,1755000009999,1755000010109,110,4292.46,0.016454
642202724,1755000010099,1755000010208,109,4292.55,0.023296
642202725,1755000010196,1755000010305,109,4292.55,0.002795
642202726,1755000010289,1755000010401,112,4292.55,0.046592
642202727,1755000010509,1755000010619,110,4292.55,0.000489
642202728,1755000010972,1755000011083,111,4292.55,0.001942
642202729,1755000011008,1755000011118,110,4292.55,0.00163
642202730,1755000011104,1755000011220,116,4292.55,0.002329
642202731,1755000011229,1755000011343,114,4292.56,0.044282
642202733,1755000011539,1755000011652,113,4292.65,0.01
642202734,1755000011549,1755000011658,109,4292.72,0.0001
642202738,1755000011797,1755000011907,110,4292.75,0.099988
642202739,1755000011797,1755000011907,110,4292.8,0.000012
642202741,1755000011799,1755000011909,110,4292.8,0.02361
642202742,1755000011799,1755000011909,110,4292.84,0.044282
642202743,1755000011799,1755000011909,110,4292.85,0.005
642202744,1755000011799,1755000011909,110,4292.93,0.016454
642202745,1755000011799,1755000011909,110,4293,0.010654
642202746,1755000011899,1755000012008,109,4292.89,0.115
642202747,1755000011978,1755000012093,115,4293,0.1
642202748,1755000011979,1755000012093,114,4293,0.1
642202749,1755000011989,1755000012100,111,4293.03,0.0001
642202750,1755000011989,1755000012100,111,4293.05,0.005
642202751,1755000012031,1755000012144,113,4293.09,0.009501
642202752,1755000012053,1755000012165,112,4293.08,0.168
642202753,1755000012169,1755000012286,117,4293.1,0.002329
642202754,1755000012505,1755000012614,109,4293.11,0.001164
642202755,1755000012840,1755000012952,112,4293.11,0.001164
642202756,1755000012841,1755000012954,113,4293.11,0.001164
642202757,1755000012995,1755000013107,112,4293.11,0.000931
642202758,1755000013108,1755000013218,110,4293.11,0.1
642202759,1755000013109,1755000013218,109,4293.11,0.1
642202760,1755000013426,1755000013535,109,4293.11,0.1
642202761,1755000013427,1755000013537,110,4293.11,0.1
642202763,1755000013435,1755000013545,110,4293.1,0.168
642202764,1755000014105,1755000014219,114,4293.11,0.000465
642202765,1755000014169,1755000014279,110,4293.11,0.001397
642202766,1755000014267,1755000014378,111,4293.11,0.1
642202767,1755000014445,1755000014558,113,4293.11,0.039
642202768,1755000014445,1755000014558,113,4293.12,0.044282
642202769,1755000014445,1755000014558,113,4293.18,0.016718
642202771,1755000014446,1755000014560,114,4293.18,0.07327
642202773,1755000014446,1755000014560,114,4293.19,0.02673
642202774,1755000014449,1755000014561,112,4293.19,0.00827
642202775,1755000014449,1755000014561,112,4293.34,0.0001
642202776,1755000014449,1755000014561,112,4293.35,0.09
642202777,1755000014449,1755000014561,112,4293.39,0.016454
642202778,1755000014462,1755000014572,110,4293.39,0.036333
642202780,1755000014541,1755000014654,113,4293.4,0.231888
642202781,1755000014641,1755000014753,112,4293.4,0.011645
642202782,1755000014799,1755000014909,110,4293.48,0.08
642202783,1755000014819,1755000014930,111,4293.57,0.023307
642202784,1755000014855,1755000014968,113,4293.58,0.1
642202785,1755000014856,1755000014969,113,4293.58,0.1
642202787,1755000014879,1755000014988,109,4293.59,0.045
642202788,1755000014909,1755000015019,110,4293.6,0.023522
642202789,1755000014995,1755000015108,113,4293.62,0.000582
642202791,1755000015010,1755000015120,110,4293.61,0.028
642202793,1755000015029,1755000015140,111,4293.62,0.089406
642202794,1755000015029,1755000015140,111,4293.65,0.0001
642202795,1755000015029,1755000015140,111,4293.68,0.044282
642202796,1755000015029,1755000015140,111,4293.75,0.005
642202797,1755000015029,1755000015140,111,4293.81,0.000235
642202799,1755000015031,1755000015146,115,4293.86,0.017735
642202800,1755000015031,1755000015146,115,4293.9,0.082265
642202801,1755000015032,1755000015146,114,4293.9,0.1
642202802,1755000015268,1755000015390,122,4293.93,0.000698
642202803,1755000015382,1755000015492,110,4293.92,0.001492
642202804,1755000015641,1755000015751,110,4293.93,0.045073
642202806,1755000015659,1755000015772,113,4293.93,0.01856
642202807,1755000015745,1755000015854,109,4293.94,0.000582
642202809,1755000015859,1755000015969,110,4293.96,0.044382
642202810,1755000015869,1755000015980,111,4294,0.017823
642202811,1755000016095,1755000016205,110,4294.06,0.001397
642202812,1755000016505,1755000016615,110,4294.06,0.002328
642202813,1755000016568,1755000016682,114,4294.06,0.000465
642202814,1755000016568,1755000016682,114,4294.06,0.003493
642202815,1755000016596,1755000016705,109,4294.06,0.000465
642202816,1755000016696,1755000016806,110,4294.06,0.037027
642202825,1755000016720,1755000016830,110,4294.06,10.332807
642202826,1755000016720,1755000016830,110,4294.1,1.187
642202827,1755000016720,1755000016830,110,4294.11,0.000235
642202828,1755000016720,1755000016830,110,4294.12,0.238444
642202829,1755000016720,1755000016830,110,4294.14,0.01
642202830,1755000016720,1755000016840,120,4294.22,0.15
642202831,1755000016720,1755000016840,120,4294.24,0.044282
642202832,1755000016720,1755000016840,120,4294.27,0.0001
642202834,1755000016720,1755000016840,120,4294.29,1.005407
642202835,1755000016720,1755000016840,120,4294.3,1.187
642202837,1755000016720,1755000016840,120,4294.33,1.878454
642202839,1755000016720,1755000016840,120,4294.4,0.023757
642202840,1755000016720,1755000016840,120,4294.43,0.255613
642202842,1755000016720,1755000016840,120,4294.49,1.204846
642202844,1755000016720,1755000016840,120,4294.5,0.089988
642202845,1755000016720,1755000016840,120,4294.52,0.044282
642202846,1755000016720,1755000016840,120,4294.54,0.02
642202847,1755000016721,1755000016844,123,4294.58,0.0001
642202848,1755000016721,1755000016844,123,4294.64,0.000825
642202849,1755000016721,1755000016844,123,4294.66,0.144252
642202851,1755000016721,1755000016844,123,4294.7,0.232026
642202852,1755000016721,1755000016844,123,4294.7,0.770444
642202853,1755000016722,1755000016844,122,4294.7,0.497765
642202854,1755000016722,1755000016844,122,4294.75,2.61
642202855,1755000016722,1755000016844,122,4294.79,0.016454
642202856,1755000016722,1755000016844,122,4294.8,0.044282
642202857,1755000016722,1755000016844,122,4294.81,0.688
642202858,1755000016722,1755000016854,132,4294.86,0.722936
642202860,1755000016722,1755000016854,132,4294.87,0.199701
642202861,1755000016722,1755000016854,132,4294.88,0.774
642202862,1755000016722,1755000016854,132,4294.89,0.0001
642202863,1755000016722,1755000016854,132,4294.9,0.4
642202864,1755000016727,1755000016854,127,4294.9,0.1
642202868,1755000016727,1755000016854,127,4294.9,3.654942
642202869,1755000016727,1755000016854,127,4294.91,0.0001
642202871,1755000016727,1755000016854,127,4294.93,0.089988
642202872,1755000016727,1755000016854,127,4294.99,0.0125
642202874,1755000016727,1755000016854,127,4295,0.001109
642202875,1755000016727,1755000016854,127,4295.02,0.162647
642202876,1755000016728,1755000016854,126,4295.08,0.044282
642202878,1755000016728,1755000016854,126,4295.2,0.055718
642202879,1755000016741,1755000016854,113,4295.08,0.000202
642202881,1755000016742,1755000016854,112,4295.07,2.500861
642202882,1755000016859,1755000016973,114,4295.26,0.016454
642202883,1755000016864,1755000016977,113,4295.28,0.036333
642202884,1755000016871,1755000016997,126,4295.36,0.044282
642202886,1755000016871,1755000016997,126,4295.37,0.055718
642202887,1755000016872,1755000016997,125,4295.37,0.03427
642202888,1755000016872,1755000016997,125,4295.54,0.00015
642202889,1755000016872,1755000016997,125,4295.59,0.000235
642202891,1755000016872,1755000016998,126,4295.64,0.044432
642202892,1755000016872,1755000016998,126,4295.72,0.020913
642202893,1755000016883,1755000016998,115,4295.59,0.01187
642202894,1755000016883,1755000016998,115,4295.59,0.01187
642202895,1755000016895,1755000017006,111,4295.65,0.027935
642202898,1755000016898,1755000017009,111,4295.68,0.135
642202900,1755000016898,1755000017009,111,4295.64,0.6543
642202901,1755000017019,1755000017132,113,4295.73,0.016454
642202904,1755000017178,1755000017288,110,4295.81,0.1
642202905,1755000017179,1755000017289,110,4295.81,0.1
642202906,1755000017239,1755000017352,113,4295.88,0.023278
642202907,1755000017246,1755000017355,109,4295.88,0.000537
642202908,1755000017271,1755000017381,110,4295.89,0.001163
642202909,1755000017368,1755000017478,110,4295.92,0.000465
642202910,1755000017395,1755000017507,112,4295.92,0.002793
642202912,1755000017542,1755000017655,113,4295.91,0.094192
642202913,1755000017568,1755000017680,112,4295.92,0.000861
642202914,1755000018005,1755000018114,109,4295.92,0.000465
642202919,1755000018070,1755000018183,113,4295.92,2.731859
642202920,1755000018097,1755000018213,116,4295.92,0.000232
642202921,1755000018130,1755000018240,110,4295.91,0.055533
642202922,1755000018142,1755000018251,109,4295.92,0.000465
642202925,1755000018238,1755000018353,115,4295.92,1.199547
642202926,1755000018499,1755000018619,120,4295.92,0.000338
642202927,1755000018499,1755000018619,120,4295.92,0.000338
642202928,1755000018499,1755000018619,120,4295.92,0.000338
642202929,1755000018499,1755000018619,120,4295.92,0.000338
642202930,1755000018499,1755000018619,120,4295.92,0.000338
642202931,1755000018499,1755000018619,120,4295.92,0.000338
642202932,1755000018499,1755000018619,120,4295.92,0.000338
642202933,1755000018499,1755000018619,120,4295.92,0.000338
642202934,1755000018499,1755000018619,120,4295.92,0.000338
642202935,1755000018499,1755000018619,120,4295.92,0.000338
642202936,1755000018499,1755000018619,120,4295.92,0.000338
642202937,1755000018499,1755000018619,120,4295.92,0.000338
642202938,1755000018499,1755000018619,120,4295.92,0.000338
642202939,1755000018499,1755000018619,120,4295.92,0.000338
642202940,1755000018499,1755000018619,120,4295.92,0.000338
642202941,1755000018499,1755000018619,120,4295.92,0.000338
642202942,1755000018499,1755000018619,120,4295.92,0.000338
642202943,1755000018499,1755000018619,120,4295.92,0.000338
642202944,1755000018499,1755000018620,121,4295.92,0.000338
642202945,1755000018499,1755000018620,121,4295.92,0.000338
642202946,1755000018499,1755000018620,121,4295.92,0.000338
642202947,1755000018499,1755000018620,121,4295.92,0.000338
642202948,1755000018499,1755000018620,121,4295.92,0.000338
642202949,1755000018499,1755000018623,124,4295.92,0.000338
642202950,1755000018499,1755000018624,125,4295.92,0.000338
642202951,1755000018499,1755000018624,125,4295.92,0.000338
642202952,1755000018499,1755000018624,125,4295.92,0.000338
642202953,1755000018499,1755000018624,125,4295.92,0.000338
642202954,1755000018499,1755000018624,125,4295.92,0.000338
642202955,1755000018499,1755000018624,125,4295.92,0.000338
642202956,1755000018499,1755000018624,125,4295.92,0.000338
642202957,1755000018499,1755000018624,125,4295.92,0.000338
642202958,1755000018499,1755000018624,125,4295.92,0.000338
642202959,1755000018499,1755000018624,125,4295.92,0.000338
642202960,1755000018499,1755000018624,125,4295.92,0.000338
642202961,1755000018499,1755000018624,125,4295.92,0.000338
642202962,1755000018499,1755000018624,125,4295.92,0.000338
642202963,1755000018499,1755000018642,143,4295.92,0.000338
642202964,1755000018499,1755000018642,143,4295.92,0.000338
642202965,1755000018499,1755000018642,143,4295.92,0.000338
642202966,1755000018499,1755000018642,143,4295.92,0.000338
642202967,1755000018499,1755000018642,143,4295.92,0.000338
642202968,1755000018499,1755000018642,143,4295.92,0.000338
642202969,1755000018499,1755000018642,143,4295.92,0.000338
642202970,1755000018499,1755000018642,143,4295.92,0.000338
642202971,1755000018499,1755000018642,143,4295.92,0.000338
642202972,1755000018499,1755000018642,143,4295.92,0.000338
642202973,1755000018499,1755000018642,143,4295.92,0.000338
642202974,1755000018499,1755000018643,144,4295.92,0.000338
642202975,1755000018499,1755000018643,144,4295.92,0.000338
642202976,1755000018499,1755000018643,144,4295.92,0.000338
642202977,1755000018499,1755000018643,144,4295.92,0.000338
642202978,1755000018499,1755000018643,144,4295.92,0.000338
642202979,1755000018499,1755000018643,144,4295.92,0.000338
642202980,1755000018499,1755000018643,144,4295.92,0.000338
642202981,1755000018499,1755000018643,144,4295.92,0.000338
642202982,1755000018499,1755000018643,144,4295.92,0.000338
642202983,1755000018499,1755000018643,144,4295.92,0.000338
642202984,1755000018499,1755000018643,144,4295.92,0.000338
642202985,1755000018499,1755000018643,144,4295.92,0.000338
642202986,1755000018499,1755000018643,144,4295.92,0.000338
642202987,1755000018499,1755000018643,144,4295.92,0.000338
642202988,1755000018499,1755000018643,144,4295.92,0.000338
642202989,1755000018499,1755000018643,144,4295.92,0.000338
642202990,1755000018499,1755000018643,144,4295.92,0.000338
642202991,1755000018499,1755000018643,144,4295.92,0.000338
642202992,1755000018499,1755000018643,144,4295.92,0.000338
642202993,1755000018499,1755000018643,144,4295.92,0.000338
642202994,1755000018499,1755000018643,144,4295.92,0.000338
642202995,1755000018499,1755000018643,144,4295.92,0.000338
642202996,1755000018499,1755000018643,144,4295.92,0.000338
642202997,1755000018499,1755000018643,144,4295.92,0.000338
642202998,1755000018595,1755000018717,122,4295.92,0.001396
642203000,1755000018768,1755000018888,120,4295.91,0.226982
642203001,1755000018966,1755000019076,110,4295.92,0.1
642203002,1755000018967,1755000019077,110,4295.92,0.1
642203003,1755000018979,1755000019088,109,4295.94,0.0001
642203004,1755000019269,1755000019381,112,4296,0.004189
642203007,1755000019321,1755000019432,111,4296,0.1
642203008,1755000019649,1755000019758,109,4295.91,0.12
642203009,1755000019649,1755000019759,110,4295.8,0.03
642203010,1755000019769,1755000019878,109,4295.77,0.000465
642203011,1755000019842,1755000019956,114,4295.77,0.009311
642203012,1755000019842,1755000019956,114,4295.77,0.000465
642203013,1755000019886,1755000019999,113,4295.76,0.018162
642203018,1755000020124,1755000020240,116,4295.77,3
642203019,1755000020145,1755000020255,110,4295.77,0.000691
642203020,1755000020173,1755000020284,111,4295.77,0.104444
642203021,1755000020404,1755000020520,116,4295.77,0.001163
642203022,1755000020530,1755000020641,111,4295.77,0.1
642203023,1755000020531,1755000020641,110,4295.77,0.1
642203024,1755000020840,1755000020953,113,4295.77,0.000465
642203026,1755000021174,1755000021296,122,4295.77,0.1
642203027,1755000021175,1755000021296,121,4295.77,0.1
642203028,1755000021260,1755000021383,123,4295.81,0.223708
642203029,1755000021260,1755000021383,123,4295.92,0.03
642203030,1755000021260,1755000021383,123,4295.98,0.03
642203031,1755000021260,1755000021383,123,4296,0.367478
642203033,1755000021555,1755000021669,114,4296,0.1
642203034,1755000021556,1755000021670,114,4296,0.1
642203035,1755000021872,1755000021984,112,4296,0.019739
642203036,1755000022041,1755000022150,109,4296,0.000465
642203037,1755000022201,1755000022311,110,4296,0.001745
642203038,1755000022354,1755000022463,109,4296,0.1
642203039,1755000022355,1755000022464,109,4296,0.1
642203040,1755000022369,1755000022478,109,4296,0.000931
642203041,1755000022499,1755000022612,113,4296,0.249966
642203043,1755000022806,1755000022917,111,4296.06,1.238101
642203044,1755000022806,1755000022918,112,4296.06,0.038523
642203045,1755000022899,1755000023011,112,4296.06,0.1
642203046,1755000022900,1755000023013,113,4296.06,0.1
642203047,1755000022959,1755000023074,115,4296.05,0.013968
642203049,1755000022979,1755000023095,116,4296,0.023277
642203050,1755000023010,1755000023124,114,4295.99,0.03
642203051,1755000023041,1755000023151,110,4295.77,0.000465
642203053,1755000023088,1755000023199,111,4295.76,0.499938
642203055,1755000023092,1755000023206,114,4295.71,0.033969
642203056,1755000023092,1755000023206,114,4295.7,0.5
642203057,1755000023093,1755000023206,113,4295.64,0.044282
642203058,1755000023093,1755000023206,113,4295.62,0.023282
642203060,1755000023093,1755000023206,113,4295.6,0.219508
642203061,1755000023241,1755000023350,109,4295.38,0.001173
642203062,1755000023796,1755000023909,113,4295.38,0.002328
642203065,1755000023863,1755000023972,109,4295.38,4.192068
642203068,1755000023919,1755000024030,111,4295.37,0.107044
642203069,1755000023919,1755000024030,111,4295.36,0.044282
642203070,1755000023919,1755000024030,111,4295.31,0.02
642203071,1755000023919,1755000024030,111,4295.26,0.016454
642203072,1755000024105,1755000024218,113,4295.21,0.002328
642203073,1755000024458,1755000024568,110,4295.2,0.023522
642203074,1755000024460,1755000024570,110,4295.19,0.0001
642203075,1755000024469,1755000024578,109,4295.11,0.209501
642203076,1755000024497,1755000024606,109,4295.11,0.066687
642203077,1755000024508,1755000024618,110,4295.11,0.000488
642203078,1755000024529,1755000024638,109,4295.1,0.03
642203079,1755000024529,1755000024638,109,4295.08,0.044282
642203080,1755000024529,1755000024639,110,4295.01,0.000235
642203081,1755000024794,1755000024906,112,4295.01,0.1
642203082,1755000024795,1755000024907,112,4295.01,0.1
642203083,1755000025067,1755000025182,115,4295.1,0.000154
642203084,1755000025396,1755000025506,110,4295.11,0.002328
642203085,1755000025445,1755000025561,116,4295.11,0.001222
642203086,1755000025779,1755000025893,114,4295.1,1.007054
642203087,1755000025968,1755000026079,111,4295.11,0.000465
642203089,1755000026102,1755000026212,110,4295.11,0.215683
642203090,1755000026102,1755000026212,110,4295.36,0.042
642203091,1755000026104,1755000026218,114,4295.36,0.000465
642203092,1755000026395,1755000026508,113,4295.36,0.001164
642203094,1755000026426,1755000026536,110,4295.36,0.1
642203095,1755000026427,1755000026538,111,4295.36,0.1
642203096,1755000026549,1755000026661,112,4295.35,0.03
642203097,1755000026609,1755000026722,113,4295.2,0.02
642203098,1755000026609,1755000026722,113,4295.19,0.03
642203099,1755000026639,1755000026748,109,4295.08,0.044282
642203100,1755000026904,1755000027014,110,4295.01,0.002328
642203101,1755000027001,1755000027110,109,4295.01,0.001396
642203102,1755000027017,1755000027126,109,4295.01,0.1
642203104,1755000027018,1755000027128,110,4295.01,0.1
642203105,1755000027273,1755000027383,110,4295.01,0.000931
642203112,1755000027559,1755000027676,117,4295,6.361198
642203113,1755000027559,1755000027676,117,4294.96,0.03
642203116,1755000027559,1755000027676,117,4294.93,1.762034
642203119,1755000027559,1755000027676,117,4294.92,0.065
642203120,1755000027559,1755000027676,117,4294.9,0.649818
642203122,1755000027585,1755000027700,115,4295.01,0.132
642203123,1755000027660,1755000027772,112,4295.01,0.023277
642203125,1755000028529,1755000028639,110,4295,0.893107
642203126,1755000028547,1755000028656,109,4294.89,0.013
642203128,1755000028550,1755000028659,109,4294.88,0.023283
642203129,1755000028608,1755000028719,111,4294.81,0.000465
642203130,1755000028619,1755000028729,110,4294.8,0.044282
642203131,1755000028619,1755000028729,110,4294.79,0.016454
642203132,1755000028619,1755000028729,110,4294.71,0.000235
642203133,1755000028797,1755000028907,110,4294.69,0.003492
642203134,1755000029319,1755000029431,112,4294.68,0.15
642203135,1755000029396,1755000029505,109,4294.61,0.011642
642203136,1755000030304,1755000030416,112,4294.61,0.000582
642203137,1755000030460,1755000030572,112,4294.61,0.1
642203138,1755000030461,1755000030572,111,4294.61,0.1
642203139,1755000030504,1755000030622,118,4294.57,0.0001
642203142,1755000030504,1755000030622,118,4294.52,0.089282
642203144,1755000030504,1755000030622,118,4294.5,0.060618
642203145,1755000030529,1755000030638,109,4294.5,0.02937
642203146,1755000030529,1755000030638,109,4294.41,0.000235
642203148,1755000030533,1755000030643,110,4294.41,0.245321
642203149,1755000030621,1755000030733,112,4294.4,0.00121
642203150,1755000030809,1755000030919,110,4294.41,0.000882
642203151,1755000030968,1755000031079,111,4294.41,0.000465
642203152,1755000031204,1755000031314,110,4294.41,0.000465
642203153,1755000031573,1755000031682,109,4294.41,0.000768
642203154,1755000031704,1755000031820,116,4294.41,0.000698
642203155,1755000032199,1755000032310,111,4294.4,0.022312
642203156,1755000032199,1755000032310,111,4294.34,0.00015
642203157,1755000032396,1755000032505,109,4294.34,0.002328
642203158,1755000032545,1755000032655,110,4294.34,1.006224
642203159,1755000032668,1755000032780,112,4294.34,0.1
642203160,1755000032700,1755000032810,110,4294.34,0.004657
642203161,1755000032999,1755000033111,112,4294.34,0.000582
642203162,1755000033123,1755000033236,113,4294.34,0.1
642203163,1755000033146,1755000033256,110,4294.34,0.012
642203164,1755000033328,1755000033441,113,4294.33,0.015916
642203165,1755000033399,1755000033508,109,4294.33,0.000538
642203166,1755000033409,1755000033519,110,4294.26,0.0001
642203167,1755000033475,1755000033585,110,4294.26,0.01
642203168,1755000033510,1755000033620,110,4294.26,0.002328
642203169,1755000033619,1755000033728,109,4294.25,0.025
642203170,1755000033808,1755000033918,110,4294.25,0.008
642203172,1755000033929,1755000034041,112,4294.24,0.094282
642203173,1755000033929,1755000034042,113,4294.12,0.000235
642203178,1755000033957,1755000034068,111,4294.11,4.8159
642203179,1755000034236,1755000034351,115,4294.11,0.008
642203180,1755000034268,1755000034377,109,4294.11,0.002328
642203185,1755000034953,1755000035069,116,4294.07,3.259872
642203186,1755000034953,1755000035069,116,4294.09,1.786871
642203188,1755000034953,1755000035069,116,4294.1,1.624286
642203190,1755000034953,1755000035069,116,4294.11,0.276388
642203191,1755000034954,1755000035069,115,4294.2,1.187
642203192,1755000034954,1755000035069,115,4294.24,0.6
642203193,1755000034954,1755000035069,115,4294.25,0.437286
642203194,1755000034954,1755000035069,115,4294.26,0.12
642203195,1755000034954,1755000035069,115,4294.27,0.6
642203196,1755000034954,1755000035069,115,4294.3,1.138951
642203197,1755000034954,1755000035069,115,4294.32,1.5048
642203198,1755000034954,1755000035069,115,4294.33,1.862
642203199,1755000034954,1755000035069,115,4294.34,0.6
642203200,1755000034954,1755000035126,172,4294.41,0.03
642203202,1755000034954,1755000035126,172,4294.5,2.150065
642203203,1755000034954,1755000035126,172,4294.52,0.044282
642203204,1755000034954,1755000035126,172,4294.6,1.187
642203205,1755000034954,1755000035126,172,4294.68,0.007865
642203206,1755000034954,1755000035126,172,4294.69,0.03
642203207,1755000034954,1755000035126,172,4294.7,0.762135
642203209,1755000034954,1755000035126,172,4294.7,0.4251
642203211,1755000034954,1755000035126,172,4294.77,5.740495
642203213,1755000034954,1755000035127,173,4294.78,3.49275
642203214,1755000034954,1755000035127,173,4294.79,0.016454
642203217,1755000034954,1755000035127,173,4294.8,1.236689
642203218,1755000034954,1755000035131,177,4294.81,0.6
642203219,1755000034954,1755000035131,177,4294.83,0.013
642203220,1755000034954,1755000035131,177,4294.84,2.61
642203222,1755000034954,1755000035131,177,4294.87,4.730997
642203224,1755000034954,1755000035131,177,4294.9,3.5153
642203226,1755000034954,1755000035131,177,4294.91,4.0925
642203228,1755000034954,1755000035131,177,4294.93,0.089988
642203229,1755000034954,1755000035131,177,4294.96,0.927802
642203230,1755000034954,1755000035131,177,4294.97,8.88837
642203232,1755000034955,1755000035136,181,4295,1.187235
642203234,1755000034955,1755000035136,181,4295.01,0.6001
642203236,1755000034955,1755000035136,181,4295.06,1.441487
642203238,1755000034955,1755000035136,181,4295.08,3.396852
642203241,1755000034955,1755000035136,181,4295.1,3.5252
642203243,1755000034955,1755000035137,182,4295.13,0.219591
642203244,1755000034955,1755000035137,182,4295.15,0.602
642203246,1755000034955,1755000035137,182,4295.2,0.053522
642203248,1755000034955,1755000035137,182,4295.22,1.153839
642203249,1755000034957,1755000035144,187,4295.15,0.1
642203250,1755000034958,1755000035144,186,4295.15,1.12845
642203251,1755000034958,1755000035144,186,4295.26,0.016454
642203252,1755000034958,1755000035144,186,4295.29,0.000235
642203253,1755000034958,1755000035144,186,4295.31,0.602
642203254,1755000034958,1755000035144,186,4295.32,0.0001
642203255,1755000034958,1755000035144,186,4295.34,0.144079
642203256,1755000034958,1755000035144,186,4295.35,0.058682
642203257,1755000034958,1755000035145,187,4295.35,0.342878
642203258,1755000034958,1755000035145,187,4295.36,0.044282
642203260,1755000034958,1755000035145,187,4295.37,0.089988
642203261,1755000034958,1755000035145,187,4295.4,0.9772
642203262,1755000034958,1755000035145,187,4295.5,0.01
642203264,1755000034958,1755000035145,187,4295.52,1.27657
642203265,1755000034958,1755000035145,187,4295.53,0.209575
642203266,1755000034958,1755000035145,187,4295.59,0.000235
642203267,1755000034959,1755000035145,186,4295.62,0.1
642203268,1755000034961,1755000035145,184,4295.37,0.0001
642203269,1755000034966,1755000035146,180,4295.53,0.0465
642203271,1755000034966,1755000035146,180,4295.59,0.785
642203272,1755000034967,1755000035146,179,4295.59,0.0315
642203273,1755000034969,1755000035147,178,4295.59,0.0444
642203274,1755000034970,1755000035147,177,4295.59,1.5216
642203281,1755000034996,1755000035147,151,4295.59,6.905211
642203282,1755000034997,1755000035147,150,4295.59,0.01187
642203283,1755000034997,1755000035147,150,4295.59,0.01187
642203286,1755000035000,1755000035147,147,4295.63,0.4
642203288,1755000035009,1755000035149,140,4295.64,0.232876
642203290,1755000035022,1755000035149,127,4295.73,0.016455
642203291,1755000035107,1755000035218,111,4295.73,0.139027
642203293,1755000035149,1755000035263,114,4295.81,0.089988
642203294,1755000035149,1755000035263,114,4295.88,0.000235
642203295,1755000035186,1755000035301,115,4295.92,0.002
642203297,1755000035199,1755000035309,110,4295.92,0.052282
642203298,1755000035374,1755000035486,112,4296,0.002
642203301,1755000036179,1755000036291,112,4296,0.157244
642203302,1755000036189,1755000036301,112,4296.19,0.016454
642203304,1755000036448,1755000036557,109,4296.19,0.168
642203305,1755000036490,1755000036604,114,4296.19,0.005682
642203306,1755000036490,1755000036604,114,4296.19,0.01403
642203308,1755000036643,1755000036756,113,4296.19,0.4645
642203309,1755000037860,1755000037975,115,4296.18,0.168
642203310,1755000038396,1755000038506,110,4296.19,0.000931
642203311,1755000039332,1755000039443,111,4296.18,0.168
642203313,1755000039762,1755000039872,110,4296.19,0.1
642203314,1755000039764,1755000039880,116,4296.19,0.1
642203317,1755000040519,1755000040632,113,4296.18,0.4645
642203318,1755000040529,1755000040638,109,4296.18,0.0355
642203319,1755000040727,1755000040840,113,4296.01,0.168
642203320,1755000041034,1755000041144,110,4296.02,0.1
642203321,1755000041035,1755000041146,111,4296.02,0.1
642203323,1755000041309,1755000041419,110,4296.01,0.088042
642203324,1755000041309,1755000041420,111,4296,0.0001
642203325,1755000041309,1755000041420,111,4295.98,0.03
642203326,1755000041504,1755000041614,110,4295.84,0.1
642203327,1755000041505,1755000041615,110,4295.84,0.1
642203328,1755000042152,1755000042267,115,4295.83,0.168
642203329,1755000043081,1755000043196,115,4295.84,0.1
642203330,1755000043082,1755000043196,114,4295.84,0.1
642203331,1755000043270,1755000043383,113,4295.84,0.060012
642203332,1755000043453,1755000043567,114,4295.84,0.274809
642203333,1755000043453,1755000043567,114,4295.91,0.206739
642203334,1755000043453,1755000043567,114,4295.92,0.02
642203336,1755000043453,1755000043567,114,4296,1.1871
642203337,1755000043453,1755000043567,114,4296.03,0.014043
642203338,1755000043453,1755000043567,114,4296.04,0.126617
642203339,1755000043590,1755000043708,118,4296.03,0.107988
642203340,1755000043628,1755000043759,131,4296.04,0.1
642203341,1755000043629,1755000043759,130,4296.04,0.1
642203342,1755000043980,1755000044093,113,4296.04,0.226418
642203343,1755000043980,1755000044093,113,4296.05,1.862
642203344,1755000043998,1755000044109,111,4296.2,0.044282
642203346,1755000043998,1755000044109,111,4296.25,0.055718
642203347,1755000044000,1755000044119,119,4296.25,0.03427
642203348,1755000044000,1755000044119,119,4296.29,0.06573
642203349,1755000044036,1755000044156,120,4296.29,0.002
642203350,1755000044071,1755000044180,109,4296.29,0.133537
642203351,1755000044085,1755000044195,110,4296.47,0.043318
642203352,1755000044179,1755000044293,114,4296.48,0.044282
642203353,1755000044179,1755000044293,114,4296.49,0.15
642203354,1755000044322,1755000044432,110,4296.61,0.261
642203355,1755000044325,1755000044434,109,4296.61,0.1
642203356,1755000044326,1755000044439,113,4296.61,0.1
642203361,1755000044335,1755000044446,111,4296.61,0.261
642203362,1755000044367,1755000044478,111,4296.61,0.115067
642203363,1755000044367,1755000044478,111,4296.64,0.0001
642203364,1755000044367,1755000044478,111,4296.66,0.016454
642203366,1755000044367,1755000044478,111,4296.68,0.089988
642203367,1755000044444,1755000044563,119,4296.76,0.044282
642203368,1755000044444,1755000044563,119,4296.8,0.023522
642203369,1755000044444,1755000044563,119,4296.9,0.032196
642203370,1755000044487,1755000044601,114,4296.9,0.027615
642203371,1755000044671,1755000044782,111,4296.9,0.1
642203372,1755000044672,1755000044782,110,4296.9,0.1
642203373,1755000044735,1755000044848,113,4296.9,0.223441
642203374,1755000044737,1755000044850,113,4296.95,0.0001
642203375,1755000044741,1755000044852,111,4297.04,0.044282
642203377,1755000044741,1755000044852,111,4297.12,0.055718
642203378,1755000044742,1755000044853,111,4297.12,0.03427
642203379,1755000044742,1755000044853,111,4297.13,0.016454
642203380,1755000044742,1755000044853,111,4297.16,0.000468
642203381,1755000044742,1755000044853,111,4297.26,0.0001
642203382,1755000044742,1755000044853,111,4297.32,0.044282
642203384,1755000044742,1755000044853,111,4297.36,0.004426
642203385,1755000044745,1755000044855,110,4297.36,0.01148
642203386,1755000044745,1755000044855,110,4297.37,0.000235
642203387,1755000044749,1755000044859,110,4297.46,0.005407
642203388,1755000044749,1755000044859,110,4297.5,0.004669
642203389,1755000044767,1755000044878,111,4297.5,0.046991
642203390,1755000045210,1755000045323,113,4297.5,0.004654
642203392,1755000045360,1755000045479,119,4297.5,0.1962
642203393,1755000045370,1755000045490,120,4297.42,0.12
642203394,1755000045370,1755000045490,120,4297.33,0.03
642203395,1755000045370,1755000045490,120,4297.2,0.013965
642203396,1755000045370,1755000045490,120,4297.18,0.03
642203397,1755000045370,1755000045490,120,4297.04,0.044282
642203398,1755000045370,1755000045490,120,4297.02,0.161311
642203399,1755000045370,1755000045490,120,4297,0.064842
642203400,1755000045371,1755000045490,119,4297,0.2322
642203401,1755000045539,1755000045648,109,4297.2,0.013965
642203402,1755000045613,1755000045726,113,4297,0.01342
642203403,1755000045788,1755000045900,112,4297.01,0.1
642203405,1755000045788,1755000045902,114,4297.01,0.1
642203406,1755000046027,1755000046147,120,4297.01,0.005
642203410,1755000046110,1755000046223,113,4297,3.728227
642203411,1755000046320,1755000046432,112,4296.76,0.044282
642203412,1755000046320,1755000046432,112,4296.74,0.0001
642203414,1755000046320,1755000046432,112,4296.68,0.089988
642203415,1755000046320,1755000046432,112,4296.66,0.016454
642203416,1755000046320,1755000046432,112,4296.6,0.313676
642203417,1755000046333,1755000046443,110,4296.6,0.2322
642203418,1755000046382,1755000046495,113,4296.61,0.005
642203419,1755000046793,1755000046903,110,4296.6,0.004698
642203420,1755000046831,1755000046944,113,4296.61,0.1
642203421,1755000046832,1755000046944,112,4296.61,0.1
642203422,1755000046979,1755000047088,109,4296.72,0.01
642203423,1755000047001,1755000047111,110,4296.75,0.1
642203424,1755000047002,1755000047115,113,4296.77,0.03
642203426,1755000047002,1755000047115,113,4296.96,0.07
642203427,1755000047075,1755000047188,113,4296.95,0.122
642203428,1755000047101,1755000047210,109,4296.96,0.001637
642203430,1755000047151,1755000047260,109,4296.96,0.1
642203431,1755000047152,1755000047263,111,4296.96,0.1
642203432,1755000047474,1755000047587,113,4296.96,0.005
642203433,1755000048532,1755000048645,113,4296.71,0.1
642203434,1755000048581,1755000048694,113,4296.7,0.0004
642203435,1755000048606,1755000048716,110,4296.71,0.1
642203436,1755000049399,1755000049509,110,4296.7,0.372158
642203437,1755000049436,1755000049549,113,4296.7,0.000945
642203439,1755000049975,1755000050088,113,4296.71,0.1
642203440,1755000049977,1755000050090,113,4296.71,0.1
642203441,1755000050072,1755000050186,114,4296.8,0.023282
642203442,1755000050296,1755000050409,113,4296.81,0.1
642203443,1755000050297,1755000050409,112,4296.81,0.1
642203444,1755000050626,1755000050739,113,4297.02,0.1
642203445,1755000050627,1755000050741,114,4297.04,0.044282
642203446,1755000050627,1755000050741,114,4297.09,0.023283
642203447,1755000050627,1755000050741,114,4297.12,0.032435
642203448,1755000050696,1755000050810,114,4297.12,0.002
642203449,1755000050707,1755000050818,111,4297.12,0.002
642203451,1755000050719,1755000050829,110,4297.12,0.053553
642203452,1755000050719,1755000050829,110,4297.13,0.016454
642203453,1755000050719,1755000050829,110,4297.32,0.044282
642203454,1755000050719,1755000050829,110,4297.39,0.013391
642203455,1755000051091,1755000051201,110,4297.4,0.1
642203456,1755000051092,1755000051205,113,4297.4,0.1
642203457,1755000051548,1755000051660,112,4297.41,0.046
642203458,1755000051582,1755000051692,110,4297.4,0.01235
642203459,1755000051880,1755000051992,112,4297.41,0.009307
642203461,1755000052038,1755000052148,110,4297.41,0.1
642203462,1755000052039,1755000052149,110,4297.41,0.1
642203471,1755000052067,1755000052178,111,4297.51,0.344108
642203473,1755000052067,1755000052178,111,4297.52,0.001031
642203474,1755000052067,1755000052178,111,4297.54,0.004386
642203476,1755000052067,1755000052178,111,4297.56,0.089988
642203477,1755000052067,1755000052178,111,4297.57,0.002576
642203479,1755000052070,1755000052181,111,4297.59,0.019646
642203482,1755000052079,1755000052190,111,4297.6,0.1024
642203484,1755000052079,1755000052190,111,4297.63,0.020018
642203485,1755000052079,1755000052190,111,4297.64,0.000164
642203486,1755000052109,1755000052225,116,4297.65,0.002
642203487,1755000052169,1755000052286,117,4297.65,0.1
642203488,1755000052170,1755000052286,116,4297.65,0.1
642203489,1755000052221,1755000052334,113,4297.65,2.287
642203490,1755000052221,1755000052334,113,4297.65,0.571373
642203491,1755000052221,1755000052334,113,4297.65,0.939627
642203498,1755000052223,1755000052334,111,4297.69,0.225517
642203499,1755000052229,1755000052347,118,4297.7,0.001648
642203500,1755000052229,1755000052347,118,4297.71,0.00128
642203502,1755000052229,1755000052347,118,4297.72,0.007657
642203503,1755000052229,1755000052347,118,4297.75,0.000534
642203505,1755000052229,1755000052347,118,4297.77,0.002972
642203506,1755000052229,1755000052347,118,4297.82,0.008145
642203507,1755000052232,1755000052347,115,4297.83,0.00625
642203508,1755000052232,1755000052347,115,4297.84,0.000943
642203509,1755000052232,1755000052347,115,4297.85,0.006887
642203511,1755000052235,1755000052349,114,4297.87,0.030478
642203512,1755000052235,1755000052349,114,4297.88,0.044282
642203514,1755000052235,1755000052349,114,4297.9,0.02162
642203515,1755000052235,1755000052349,114,4297.92,0.003556
642203516,1755000052235,1755000052349,114,4297.93,0.000064
642203517,1755000052236,1755000052349,113,4297.93,0.037947
642203518,1755000052236,1755000052349,113,4297.94,0.0001
642203519,1755000052236,1755000052350,114,4297.95,0.000497
642203520,1755000052236,1755000052350,114,4297.97,0.000358
642203522,1755000052236,1755000052350,114,4297.99,0.061098
642203523,1755000052472,1755000052582,110,4297.99,0.002326
642203524,1755000052591,1755000052704,113,4297.99,0.02084
642203525,1755000052809,1755000052926,117,4297.99,0.03
642203526,1755000053001,1755000053111,110,4297.81,0.618801
642203527,1755000053066,1755000053175,109,4297.8,0.028321
642203528,1755000053446,1755000053556,110,4297.81,0.1
642203529,1755000053447,1755000053556,109,4297.81,0.091877
642203530,1755000053447,1755000053556,109,4298,0.008123
642203534,1755000053577,1755000053687,110,4298,0.1
642203535,1755000053578,1755000053688,110,4298,0.1
642203536,1755000053579,1755000053689,110,4297.99,0.01633
642203537,1755000053908,1755000054017,109,4297.99,0.027588
642203538,1755000054225,1755000054338,113,4298,0.1
642203539,1755000054226,1755000054339,113,4298,0.1
642203540,1755000054580,1755000054695,115,4297.99,0.02863
642203541,1755000054638,1755000054750,112,4297.99,0.028148
642203542,1755000054640,1755000054751,111,4297.99,0.001852
642203544,1755000054649,1755000054761,112,4297.77,0.023267
642203545,1755000054769,1755000054880,111,4297.77,0.004654
642203546,1755000054769,1755000054880,111,4297.75,0.028148
642203547,1755000054769,1755000054880,111,4297.71,0.013963
642203548,1755000055072,1755000055182,110,4297.71,0.1
642203549,1755000055073,1755000055182,109,4297.71,0.1
642203551,1755000055345,1755000055458,113,4297.71,0.018
642203552,1755000055526,1755000055635,109,4297.71,0.1
642203553,1755000055527,1755000055637,110,4297.71,0.1
642203557,1755000055590,1755000055706,116,4297.71,4.51825
642203558,1755000055590,1755000055707,117,4297.75,0.989201
642203559,1755000055590,1755000055707,117,4297.76,1.862
642203561,1755000055590,1755000055707,117,4297.78,0.248335
642203562,1755000055590,1755000055707,117,4297.8,1.187
642203563,1755000055590,1755000055707,117,4297.89,1.157773
642203564,1755000055590,1755000055707,117,4297.9,1.187
642203565,1755000055590,1755000055707,117,4297.96,0.03
642203577,1755000055592,1755000055707,115,4298,1.074
642203582,1755000055592,1755000055707,115,4298,0.185568
642203583,1755000055592,1755000055707,115,4298.02,0.000541
642203584,1755000055592,1755000055707,115,4298.03,0.000843
642203585,1755000055593,1755000055707,114,4298.06,0.016454
642203587,1755000055593,1755000055707,114,4298.07,0.00164
642203589,1755000055593,1755000055707,114,4298.09,0.206733
642203590,1755000055593,1755000055707,114,4298.1,0.000258
642203591,1755000055593,1755000055707,114,4298.12,0.109036
642203594,1755000055593,1755000055707,114,4298.13,4.810475
642203595,1755000055600,1755000055716,116,4298.15,0.03
642203596,1755000055601,1755000055716,115,4298.16,0.044282
642203597,1755000055601,1755000055716,115,4298.19,3.491
642203598,1755000055609,1755000055722,113,4298.21,0.001611
642203599,1755000055609,1755000055723,114,4298.23,0.000981
642203600,1755000055609,1755000055723,114,4298.25,0.0001
642203602,1755000055609,1755000055723,114,4298.29,0.007803
642203604,1755000055609,1755000055723,114,4298.33,0.000872
642203605,1755000055609,1755000055723,114,4298.34,0.007989
642203606,1755000055611,1755000055723,112,4298.37,0.000345
642203629,1755000055749,1755000055859,110,4298.38,0.302222
642203632,1755000055749,1755000055859,110,4298.4,0.025147
642203635,1755000055749,1755000055859,110,4298.41,0.014127
642203637,1755000055763,1755000055872,109,4298.43,0.075015
642203640,1755000055765,1755000055878,113,4298.43,0.028602
642203641,1755000055765,1755000055878,113,4298.44,0.044282
642203644,1755000055765,1755000055878,113,4298.5,0.001463
642203646,1755000055765,1755000055878,113,4298.51,0.00216
642203649,1755000055765,1755000055878,113,4298.53,0.019222
642203650,1755000055765,1755000055878,113,4298.54,0.001207
642203654,1755000055765,1755000055878,113,4298.55,0.003064
642203655,1755000055786,1755000055907,121,4298.55,0.002
642203660,1755000055805,1755000055915,110,4298.55,0.049523
642203661,1755000055805,1755000055915,110,4298.56,0.0001
642203663,1755000055805,1755000055915,110,4298.57,0.159135
642203664,1755000055805,1755000055915,110,4298.59,0.000932
642203665,1755000055807,1755000055919,112,4298.63,0.0035
642203666,1755000055807,1755000055919,112,4298.65,0.000802
642203669,1755000055807,1755000055919,112,4298.66,0.003052
642203670,1755000055807,1755000055919,112,4298.67,0.025
642203671,1755000055807,1755000055919,112,4298.71,0.001746
642203673,1755000056058,1755000056171,113,4298.71,0.013471
642203674,1755000056165,1755000056278,113,4298.72,0.002
642203675,1755000056224,1755000056345,121,4298.72,0.042282
642203676,1755000056224,1755000056345,121,4298.73,0.000378
642203677,1755000056224,1755000056345,121,4298.77,0.00343
642203678,1755000056224,1755000056345,121,4298.81,0.002129
642203679,1755000056224,1755000056345,121,4298.84,0.001353
642203680,1755000056224,1755000056345,121,4298.85,0.000235
642203682,1755000056224,1755000056345,121,4298.87,0.050193
642203683,1755000056236,1755000056347,111,4298.86,0.020889
642203684,1755000056240,1755000056349,109,4298.86,0.016463
642203685,1755000056240,1755000056350,110,4298.86,0.001163
642203687,1755000056320,1755000056448,128,4298.83,0.1
642203689,1755000056320,1755000056448,128,4298.83,0.2
642203690,1755000056381,1755000056491,110,4298.82,0.01187
642203691,1755000056381,1755000056491,110,4298.82,0.01187
642203692,1755000056508,1755000056621,113,4298.83,0.027
642203694,1755000056849,1755000056961,112,4298.82,0.845942
642203695,1755000056849,1755000056961,112,4298.82,0.023262
642203696,1755000056915,1755000057030,115,4298.83,0.1
642203697,1755000056916,1755000057030,114,4298.83,0.1
642203698,1755000057282,1755000057396,114,4298.83,0.1
642203699,1755000057338,1755000057453,115,4298.83,0.1
642203700,1755000057339,1755000057453,114,4298.83,0.1
642203701,1755000057575,1755000057690,115,4298.82,0.10821
642203702,1755000057593,1755000057703,110,4298.82,0.017838
642203703,1755000057771,1755000057886,115,4298.83,0.1
642203705,1755000058219,1755000058339,120,4298.83,0.232621
642203706,1755000058629,1755000058745,116,4298.83,0.1
642203707,1755000058711,1755000058823,112,4298.83,0.1
642203708,1755000058739,1755000058856,117,4298.83,0.1
642203709,1755000058894,1755000059004,110,4298.83,0.1
642203710,1755000058968,1755000059080,112,4298.86,0.032
642203714,1755000059134,1755000059244,110,4298.87,0.1
642203715,1755000059136,1755000059245,109,4298.87,0.1
642203717,1755000059149,1755000059258,109,4298.88,0.014926
642203718,1755000059622,1755000059736,114,4298.89,0.4642
642203719,1755000059624,1755000059738,114,4298.89,1.0678
642203720,1755000059624,1755000059738,114,4298.84,0.0132
642203721,1755000059626,1755000059738,112,4298.84,0.000759
642203723,1755000059626,1755000059739,113,4298.82,0.177896
642203724,1755000059655,1755000059764,109,4298.68,0.03
642203725,1755000059659,1755000059768,109,4298.59,0.01396
642203726,1755000059709,1755000059825,116,4298.58,0.869311
642203727,1755000059987,1755000060099,112,4298.58,1.147087
642203728,1755000059996,1755000060106,110,4298.59,0.1
642203730,1755000059997,1755000060106,109,4298.59,0.1
642203731,1755000059999,1755000060108,109,4298.59,0.019434
642203732,1755000060359,1755000060470,111,4298.87,0.03
642203733,1755000060379,1755000060489,110,4298.73,0.03
642203734,1755000060400,1755000060513,113,4298.6,0.4642
642203736,1755000060541,1755000060651,110,4298.51,0.246808
642203738,1755000060542,1755000060652,110,4298.5,0.332725
642203739,1755000060560,1755000060672,112,4298.44,0.044282
642203741,1755000060560,1755000060672,112,4298.43,0.088718
642203742,1755000060563,1755000060672,109,4298.43,0.00127
642203743,1755000060569,1755000060681,112,4298.42,0.03
642203744,1755000060579,1755000060690,111,4298.41,0.013961
642203745,1755000060579,1755000060690,111,4298.31,0.107248
642203746,1755000060579,1755000060690,111,4298.27,0.15
642203747,1755000060609,1755000060719,110,4298.16,0.044282
642203748,1755000060985,1755000061099,114,4298.1,0.420355
642203749,1755000061059,1755000061169,110,4298.06,0.016454
642203751,1755000061139,1755000061250,111,4298,0.089988
642203752,1755000061139,1755000061250,111,4297.99,0.158578
642203753,1755000061139,1755000061250,111,4297.98,0.0001
642203754,1755000061139,1755000061250,111,4297.97,0.000235
642203755,1755000061139,1755000061250,111,4297.88,0.044282
642203756,1755000061193,1755000061305,112,4297.73,0.000592
642203757,1755000061289,1755000061405,116,4297.67,0.0001
642203758,1755000062167,1755000062277,110,4297.64,0.1
642203760,1755000062168,1755000062281,113,4297.64,0.1
642203761,1755000062295,1755000062408,113,4297.64,0.1
642203763,1755000062296,1755000062408,112,4297.64,0.1
642203764,1755000062741,1755000062853,112,4297.63,0.02059
642203765,1755000062820,1755000062933,113,4297.64,0.1
642203768,1755000062820,1755000062934,114,4297.64,0.374532
642203769,1755000062820,1755000062934,114,4297.68,0.191873
642203770,1755000062820,1755000062934,114,4297.69,0.12
642203771,1755000062821,1755000062935,114,4297.73,0.03
642203772,1755000062821,1755000062935,114,4297.8,0.1
642203773,1755000063211,1755000063325,114,4297.81,0.022442
642203774,1755000063263,1755000063377,114,4297.81,0.000779
642203775,1755000063346,1755000063460,114,4297.81,0.135692
642203776,1755000064100,1755000064214,114,4297.81,0.1
642203777,1755000064101,1755000064214,113,4297.81,0.1
642203778,1755000064289,1755000064403,114,4297.8,1.187
642203779,1755000064370,1755000064480,110,4297.63,0.12941
642203780,1755000064370,1755000064480,110,4297.62,0.03
642203782,1755000064370,1755000064480,110,4297.6,0.067804
642203783,1755000064370,1755000064480,110,4297.59,0.016454
642203786,1755000064370,1755000064480,110,4297.56,0.111332
642203787,1755000064379,1755000064490,111,4297.56,0.001923
642203788,1755000064389,1755000064501,112,4297.5,0.209
642203789,1755000064392,1755000064501,109,4297.5,0.000413
642203790,1755000064399,1755000064512,113,4297.46,0.08
642203791,1755000064399,1755000064512,113,4297.45,0.20931
642203792,1755000064399,1755000064512,113,4297.38,0.000235
642203794,1755000064399,1755000064512,113,4297.35,0.00025
642203795,1755000064399,1755000064512,113,4297.32,0.044282
642203796,1755000064399,1755000064512,113,4297.3,0.130223
642203797,1755000064499,1755000064609,110,4297.15,0.01
642203798,1755000064596,1755000064718,122,4297.15,0.08
642203799,1755000064609,1755000064730,121,4297.13,0.016454
642203801,1755000064639,1755000064749,110,4297.12,0.089988
642203802,1755000064639,1755000064749,110,4297.08,0.000235
642203803,1755000064639,1755000064749,110,4297.04,0.044282
642203804,1755000064639,1755000064749,110,4297.03,0.0001
642203805,1755000064785,1755000064896,111,4296.8,0.005
642203806,1755000064809,1755000064919,110,4296.8,0.018522
642203807,1755000064866,1755000064977,111,4296.76,0.043828
642203808,1755000064868,1755000064978,110,4296.76,0.000454
642203809,1755000064868,1755000064978,110,4296.71,0.0001
642203811,1755000064890,1755000065003,113,4296.68,0.089988
642203812,1755000064890,1755000065003,113,4296.66,0.016454
642203813,1755000064890,1755000065003,113,4296.64,0.097558
642203814,1755000064891,1755000065004,113,4296.67,0.092
642203815,1755000064899,1755000065008,109,4296.64,0.002187
642203819,1755000065015,1755000065128,113,4296.51,4.423322
642203820,1755000065198,1755000065315,117,4296.49,0.108
642203821,1755000065209,1755000065322,113,4296.48,0.044282
642203822,1755000065209,1755000065322,113,4296.39,0.0001
642203824,1755000065209,1755000065322,113,4296.25,0.089988
642203825,1755000065229,1755000065339,110,4296.2,0.044282
642203826,1755000065229,1755000065340,111,4296.19,0.016454
642203827,1755000065229,1755000065340,111,4296.07,0.0001
642203828,1755000065525,1755000065638,113,4296.01,0.112
642203829,1755000065640,1755000065750,110,4296,0.023522
642203831,1755000065648,1755000065760,112,4295.93,0.023312
642203832,1755000065837,1755000065950,113,4295.92,0.023631
642203833,1755000065981,1755000066090,109,4295.92,0.003
642203834,1755000066115,1755000066225,110,4295.93,0.1
642203835,1755000066116,1755000066226,110,4295.93,0.1
642203837,1755000066560,1755000066672,112,4295.92,0.074
642203838,1755000066569,1755000066680,111,4295.92,0.000484
642203839,1755000066574,1755000066684,110,4295.82,0.17
642203841,1755000066604,1755000066717,113,4295.81,0.0744
642203842,1755000066606,1755000066723,117,4295.81,0.015588
642203843,1755000066606,1755000066723,117,4295.77,0.046412
642203844,1755000066609,1755000066723,114,4295.77,0.000722
642203845,1755000066649,1755000066763,114,4295.75,0.0001
642203846,1755000066649,1755000066763,114,4295.73,0.0159
642203847,1755000066652,1755000066766,114,4295.73,0.000554
642203848,1755000066659,1755000066772,113,4295.64,0.044
642203849,1755000066699,1755000066812,113,4295.64,0.000282
642203850,1755000066699,1755000066812,113,4295.43,0.0001
642203852,1755000066889,1755000066999,110,4295.37,0.089988
642203853,1755000066889,1755000066999,110,4295.36,0.043012
642203854,1755000066909,1755000067019,110,4295.36,0.00127
642203855,1755000066909,1755000067019,110,4295.3,0.000235
642203856,1755000066909,1755000067019,110,4295.26,0.016454
642203857,1755000066924,1755000067034,110,4295.21,0.004
642203858,1755000067094,1755000067207,113,4295.2,0.005
642203859,1755000067094,1755000067207,113,4295.2,0.005
642203860,1755000067149,1755000067262,113,4295.2,0.013522
642203861,1755000067149,1755000067262,113,4295.11,0.0001
642203862,1755000067434,1755000067544,110,4295.1,0.070751
642203863,1755000067450,1755000067559,109,4295.1,0.003
642203864,1755000067499,1755000067611,112,4295.08,0.044282
642203865,1755000067499,1755000067611,112,4295.01,0.000235
642203866,1755000067918,1755000068031,113,4295,0.01187
642203867,1755000067918,1755000068032,114,4295,0.01187
642203869,1755000067922,1755000068034,112,4295,3.030619
642203871,1755000067922,1755000068034,112,4294.93,0.089988
642203872,1755000067923,1755000068034,111,4294.87,0.049701
642203873,1755000067923,1755000068034,111,4294.8,0.044282
642203876,1755000067923,1755000068034,111,4294.79,0.041554
642203877,1755000067923,1755000068034,111,4294.75,0.00128
642203878,1755000067925,1755000068035,110,4294.71,0.000235
642203879,1755000067930,1755000068045,115,4294.64,0.000825
642203880,1755000067930,1755000068045,115,4294.52,0.044282
642203883,1755000067930,1755000068045,115,4294.5,0.925174
642203884,1755000068039,1755000068153,114,4294.47,0.0001
642203886,1755000068039,1755000068153,114,4294.43,0.837762
642203887,1755000068169,1755000068287,118,4294.4,0.023522
642203888,1755000068169,1755000068287,118,4294.33,0.016454
642203889,1755000068726,1755000068839,113,4294.31,0.525767
642203890,1755000068839,1755000068953,114,4294.31,0.121343
642203891,1755000068845,1755000068954,109,4294.31,0.046573
642203892,1755000068889,1755000068999,110,4294.31,0.12
642203893,1755000068930,1755000069040,110,4294.5,0.009
642203894,1755000069044,1755000069156,112,4294.5,0.00147
642203895,1755000069357,1755000069472,115,4294.5,0.005
642203897,1755000070437,1755000070551,114,4294.31,1.683198
642203898,1755000070509,1755000070620,111,4294.3,0.017042
642203899,1755000070509,1755000070620,111,4294.24,0.044282
642203900,1755000070779,1755000070893,114,4294.15,0.0001
642203901,1755000070779,1755000070893,114,4294.12,0.000235
642203903,1755000070779,1755000070893,114,4294.06,0.089988
642203906,1755000071139,1755000071274,135,4293.97,2.300756
642203909,1755000071139,1755000071274,135,4294,2.044783
642203911,1755000071139,1755000071274,135,4294.15,4.342625
642203914,1755000071139,1755000071274,135,4294.16,0.634936
642203915,1755000071140,1755000071274,134,4294.3,1.187
642203917,1755000071140,1755000071274,134,4294.31,0.72
642203918,1755000071140,1755000071274,134,4294.33,1.862
642203919,1755000071140,1755000071274,134,4294.38,0.399438
642203921,1755000071140,1755000071274,134,4294.4,3.797
642203922,1755000071140,1755000071274,134,4294.47,0.023287
642203923,1755000071140,1755000071274,134,4294.49,0.005407
642203925,1755000071140,1755000071274,134,4294.5,0.089988
642203926,1755000071140,1755000071274,134,4294.51,0.03
642203927,1755000071140,1755000071285,145,4294.52,0.044282
642203928,1755000071140,1755000071285,145,4294.6,1.187
642203929,1755000071140,1755000071285,145,4294.69,1.329804
642203931,1755000071140,1755000071285,145,4294.7,1.1871
642203932,1755000071140,1755000071285,145,4294.78,0.77877
642203933,1755000071140,1755000071285,145,4294.79,0.016454
642203934,1755000071140,1755000071286,146,4294.8,0.044282
642203935,1755000071140,1755000071286,146,4294.84,0.168215
642203936,1755000071140,1755000071286,146,4294.87,0.03
642203938,1755000071140,1755000071286,146,4294.92,0.601785
642203939,1755000071140,1755000071286,146,4294.92,0.333
642203941,1755000071141,1755000071286,145,4294.93,0.089988
642203942,1755000071141,1755000071286,145,4294.95,0.986162
642203945,1755000071141,1755000071286,145,4295.01,3.769
642203946,1755000071141,1755000071286,145,4295.02,0.0001
642203948,1755000071141,1755000071286,145,4295.08,0.644282
642203949,1755000071141,1755000071286,145,4295.1,3.206772
642203950,1755000071143,1755000071286,143,4295.2,0.023522
642203951,1755000071143,1755000071286,143,4295.26,0.016454
642203952,1755000071143,1755000071286,143,4295.27,0.060024
642203953,1755000071145,1755000071286,141,4294.92,0.1
642203954,1755000071149,1755000071286,137,4295.11,2.178
642203955,1755000071149,1755000071286,137,4295.25,1.5774
642203958,1755000071149,1755000071286,137,4295.26,0.99187
642203959,1755000071149,1755000071286,137,4295.27,0.10483
642203969,1755000071161,1755000071286,125,4295.27,10.677279
642203972,1755000071180,1755000071299,119,4295.27,2.409
642203973,1755000071180,1755000071299,119,4295.26,0.01187
642203974,1755000071180,1755000071299,119,4295.26,0.01187
642203975,1755000071182,1755000071299,117,4295.35,0.01187
642203976,1755000071182,1755000071299,117,4295.35,0.01187
642203977,1755000071252,1755000071370,118,4295.35,0.004574
642203978,1755000071415,1755000071535,120,4295.36,0.002
642203979,1755000071491,1755000071603,112,4295.35,0.005
642203981,1755000074090,1755000074204,114,4295.36,0.046297
642203983,1755000074090,1755000074204,114,4295.37,0.053703
642203984,1755000074091,1755000074204,113,4295.37,0.036285
642203985,1755000074091,1755000074204,113,4295.45,0.005
642203986,1755000074091,1755000074204,113,4295.55,0.005
642203987,1755000074091,1755000074204,113,4295.61,0.053715
642203988,1755000074283,1755000074393,110,4295.61,0.023626
642203989,1755000074310,1755000074422,112,4295.61,0.1
642203991,1755000074311,1755000074423,112,4295.61,0.007416
642203992,1755000074311,1755000074423,112,4295.64,0.044282
642203993,1755000074311,1755000074423,112,4295.73,0.016454
642203994,1755000074311,1755000074423,112,4295.81,0.031848
642203995,1755000074329,1755000074449,120,4295.8,0.033
642203998,1755000074419,1755000074532,113,4295.81,0.062082
642203999,1755000074419,1755000074532,113,4295.92,0.044282
642204001,1755000074419,1755000074532,113,4296,0.023622
642204002,1755000074429,1755000074540,111,4296.1,0.0001
642204003,1755000074429,1755000074541,112,4296.17,0.005407
642204004,1755000074429,1755000074541,112,4296.18,0.000235
642204005,1755000074429,1755000074541,112,4296.19,0.016454
642204006,1755000074653,1755000074763,110,4296.19,0.190682
642204008,1755000075081,1755000075195,114,4296.2,0.1
642204009,1755000075082,1755000075195,113,4296.2,0.1
642204010,1755000075219,1755000075336,117,4296.24,0.003195
642204011,1755000075291,1755000075400,109,4296.24,0.003768
642204012,1755000076029,1755000076139,110,4296.24,0.059518
642204015,1755000076206,1755000076321,115,4296.25,0.092469
642204016,1755000076206,1755000076322,116,4296.42,0.0001
642204017,1755000076206,1755000076322,116,4296.46,0.007431
642204018,1755000076208,1755000076322,114,4296.46,0.1
642204019,1755000076309,1755000076420,111,4296.47,0.157091
642204020,1755000077634,1755000077744,110,4296.48,0.002293
642204023,1755000077813,1755000077922,109,4296.47,2
642204024,1755000077829,1755000077938,109,4296.47,0.03
642204025,1755000078165,1755000078288,123,4296.47,0.175779
642204026,1755000078382,1755000078492,110,4296.47,0.023279
642204028,1755000078409,1755000078519,110,4296.48,0.186198
642204029,1755000078864,1755000078977,113,4296.47,0.148409
642204030,1755000079378,1755000079493,115,4296.54,0.03
642204031,1755000079378,1755000079494,116,4296.65,0.07
642204032,1755000079380,1755000079494,114,4296.66,0.016454
642204034,1755000079380,1755000079494,114,4296.68,0.083546
642204035,1755000079389,1755000079499,110,4296.68,0.006442
642204036,1755000079389,1755000079499,110,4296.74,0.0001
642204037,1755000079709,1755000079822,113,4296.75,0.03
642204038,1755000080592,1755000080705,113,4296.51,0.002997
642204041,1755000081732,1755000081844,112,4296.51,0.1
642204042,1755000081733,1755000081846,113,4296.51,0.038798
642204043,1755000081733,1755000081846,113,4296.76,0.044282
642204044,1755000081733,1755000081846,113,4296.79,0.01692
642204045,1755000081782,1755000081897,115,4296.8,0.023522
642204046,1755000081790,1755000081900,110,4296.81,0.15
642204047,1755000081790,1755000081900,110,4296.92,0.005407
642204049,1755000081804,1755000081927,123,4296.93,0.348206
642204050,1755000081845,1755000081964,119,4297.04,0.044282
642204051,1755000081845,1755000081964,119,4297.06,0.0001
642204053,1755000081845,1755000081964,119,4297.12,0.055618
642204054,1755000081849,1755000081964,115,4297.12,0.03437
642204055,1755000081851,1755000081968,117,4297.13,0.016454
642204056,1755000082701,1755000082811,110,4297.17,0.111422
642204057,1755000083441,1755000083554,113,4297.18,0.056351
642204058,1755000083441,1755000083554,113,4297.28,0.043649
642204060,1755000083860,1755000083971,111,4297.32,0.1
642204061,1755000084299,1755000084411,112,4297.28,0.013964
642204062,1755000084309,1755000084418,109,4297.27,0.03
642204063,1755000084309,1755000084418,109,4297.11,0.12
642204064,1755000084489,1755000084598,109,4297.04,0.044282
642204065,1755000084489,1755000084598,109,4296.99,0.03
642204067,1755000084559,1755000084669,110,4296.8,0.023273
642204069,1755000084579,1755000084688,109,4296.76,0.305282
642204070,1755000084579,1755000084689,110,4296.71,0.03
642204072,1755000084669,1755000084780,111,4296.68,0.089988
642204073,1755000084669,1755000084780,111,4296.66,0.016454
642204074,1755000084684,1755000084794,110,4296.51,0.005
642204075,1755000084939,1755000085051,112,4296.48,0.044282
642204077,1755000084979,1755000085088,109,4296.33,0.099852
642204078,1755000085027,1755000085136,109,4296.3,0.000301
642204079,1755000085108,1755000085220,112,4296.3,0.000112
642204080,1755000087049,1755000087161,112,4296.3,0.460091
642204086,1755000087480,1755000087593,113,4296.31,3.940319
642204087,1755000087769,1755000087884,115,4296.3,0.006131
642204089,1755000087879,1755000087988,109,4296.25,0.089988
642204090,1755000088124,1755000088237,113,4296.24,0.4645
642204091,1755000088139,1755000088249,110,4296.24,0.535
642204092,1755000088141,1755000088251,110,4296.24,0.0005
642204093,1755000088149,1755000088259,110,4296.2,0.044282
642204094,1755000088149,1755000088259,110,4296.19,0.016454
642204095,1755000088149,1755000088259,110,4296.18,0.15
642204097,1755000088149,1755000088259,110,4296.01,0.014068
642204099,1755000088866,1755000088977,111,4296,1.023522
642204100,1755000088866,1755000088977,111,4295.92,0.044282
642204101,1755000088866,1755000088977,111,4295.82,0.187523
642204102,1755000088885,1755000089000,115,4295.82,0.029
642204105,1755000088918,1755000089030,112,4295.81,0.4645
642204106,1755000089075,1755000089185,110,4295.81,0.584591
642204107,1755000089079,1755000089188,109,4295.73,0.016454
642204108,1755000089079,1755000089188,109,4295.69,0.0001
642204109,1755000089099,1755000089209,110,4295.64,0.044282
642204110,1755000089099,1755000089209,110,4295.6,0.000235
642204111,1755000089099,1755000089209,110,4295.55,0.15
642204114,1755000089882,1755000089995,113,4295.4,2.305744
642204117,1755000089882,1755000089995,113,4295.37,0.090088
642204118,1755000089882,1755000089995,113,4295.36,0.044282
642204119,1755000089882,1755000089995,113,4295.35,0.069842
642204120,1755000089885,1755000089997,112,4295.26,0.016454
642204121,1755000089898,1755000090012,114,4295.2,0.023522
642204122,1755000089898,1755000090012,114,4295.08,0.044282
642204123,1755000089898,1755000090012,114,4295.05,0.0001
642204124,1755000089898,1755000090012,114,4295.01,0.000235
642204125,1755000089898,1755000090013,115,4295,0.396461
642204127,1755000089949,1755000090059,110,4294.93,0.089988
642204128,1755000089968,1755000090081,113,4294.89,0.209536
642204129,1755000089968,1755000090081,113,4294.8,0.022464
642204130,1755000089999,1755000090109,110,4294.8,0.021818
642204131,1755000089999,1755000090109,110,4294.79,0.016454
642204132,1755000089999,1755000090109,110,4294.73,0.0001
642204133,1755000089999,1755000090109,110,4294.71,0.000235
642204134,1755000089999,1755000090109,110,4294.7,0.005
642204135,1755000090039,1755000090148,109,4294.7,0.204504
642204136,1755000090973,1755000091083,110,4294.6,0.232
642204137,1755000091649,1755000091765,116,4294.6,0.017043
642204138,1755000091649,1755000091765,116,4294.52,0.044282
642204141,1755000091980,1755000092090,110,4294.5,0.232
642204143,1755000092159,1755000092270,111,4294.41,0.023286
642204144,1755000092193,1755000092303,110,4294.4,0.005
642204145,1755000092339,1755000092451,112,4294.4,0.018522
642204146,1755000092339,1755000092451,112,4294.33,0.016454
642204148,1755000093083,1755000093196,113,4294.24,0.232
642204150,1755000093433,1755000093548,115,4294.24,2.043886
642204152,1755000093434,1755000093548,114,4294.24,2.642191
642204155,1755000093434,1755000093548,114,4294.24,1.642418
642204156,1755000093434,1755000093548,114,4294.24,0.606045
642204157,1755000093434,1755000093548,114,4294.22,0.2523
642204158,1755000093434,1755000093548,114,4294.2,1.187
642204159,1755000093434,1755000093548,114,4294.1,1.187
642204160,1755000093434,1755000093548,114,4294.09,0.0001
642204162,1755000093434,1755000093548,114,4294.06,0.089988
642204163,1755000093434,1755000093548,114,4294.05,0.169811
642204164,1755000093434,1755000093548,114,4294,1.187
642204165,1755000093434,1755000093548,114,4293.96,0.044282
642204166,1755000093434,1755000093549,115,4293.93,0.15
642204167,1755000093434,1755000093551,117,4293.88,1.397384
642204168,1755000093440,1755000093551,111,4293.86,0.016454
642204169,1755000093441,1755000093552,111,4293.83,0.05
642204170,1755000093441,1755000093552,111,4293.82,0.000235
642204171,1755000093441,1755000093552,111,4293.78,0.545467
642204172,1755000093448,1755000093558,110,4293.77,0.0001
642204173,1755000093448,1755000093558,110,4293.7,0.4646
642204176,1755000093492,1755000093604,112,4293.69,2.973364
642204177,1755000093709,1755000093840,131,4293.68,0.044282
642204179,1755000093709,1755000093840,131,4293.62,0.089988
642204180,1755000093709,1755000093840,131,4293.6,0.023522
642204181,1755000093709,1755000093840,131,4293.52,0.000235
642204182,1755000093709,1755000093840,131,4293.5,0.835936
642204183,1755000093909,1755000094021,112,4293.45,0.0001
642204184,1755000093938,1755000094048,110,4293.41,1.678
642204185,1755000093938,1755000094048,110,4293.46,0.03
642204186,1755000093938,1755000094048,110,4293.61,0.12
642204188,1755000093992,1755000094105,113,4293.69,0.1
642204189,1755000093993,1755000094105,112,4293.69,0.1
642204190,1755000093999,1755000094109,110,4293.69,0.03508
642204191,1755000094049,1755000094161,112,4293.87,0.002
642204193,1755000094087,1755000094198,111,4293.86,0.232
642204194,1755000094329,1755000094442,113,4293.86,0.005
642204195,1755000094329,1755000094442,113,4293.86,0.005
642204196,1755000094329,1755000094442,113,4293.86,0.005
642204197,1755000094333,1755000094447,114,4293.86,0.005
642204198,1755000094333,1755000094447,114,4293.86,0.005
642204199,1755000094334,1755000094447,113,4293.86,0.005
642204201,1755000094994,1755000095103,109,4293.87,0.1
642204202,1755000094995,1755000095104,109,4293.87,0.1
642204203,1755000094999,1755000095108,109,4293.87,0.062121
642204204,1755000095009,1755000095118,109,4293.92,0.00015
642204205,1755000095093,1755000095208,115,4293.94,0.232
642204206,1755000096098,1755000096210,112,4293.94,0.232
642204207,1755000096169,1755000096285,116,4293.95,0.01
642204208,1755000097102,1755000097216,114,4293.94,0.232
642204209,1755000097560,1755000097674,114,4293.95,0.030032
642204210,1755000098105,1755000098221,116,4293.94,0.232
642204211,1755000098116,1755000098226,110,4293.95,0.1
642204212,1755000098424,1755000098536,112,4293.93,0.1
642204213,1755000098472,1755000098582,110,4293.87,0.027588
642204215,1755000099109,1755000099219,110,4293.86,0.232
642204216,1755000100113,1755000100225,112,4293.86,0.232
642204217,1755000100349,1755000100458,109,4293.86,0.03
642204218,1755000100499,1755000100610,111,4293.81,0.03
642204219,1755000100499,1755000100610,111,4293.77,0.013976
642204220,1755000101217,1755000101326,109,4293.58,0.232
642204221,1755000101719,1755000101835,116,4293.59,0.002
642204222,1755000102075,1755000102188,113,4293.59,0.002
642204223,1755000102222,1755000102331,109,4293.58,0.232
642204224,1755000102494,1755000102607,113,4293.59,0.002
642204225,1755000102642,1755000102751,109,4293.67,0.03
642204226,1755000102642,1755000102752,110,4293.87,0.027951
642204227,1755000102642,1755000102752,110,4293.88,0.042049
642204228,1755000102643,1755000102753,110,4293.88,0.1
642204229,1755000102699,1755000102814,115,4293.93,0.03
642204230,1755000102723,1755000102842,119,4293.96,0.044282
642204231,1755000102729,1755000102842,113,4294,0.1
642204232,1755000102730,1755000102842,112,4294,0.1
642204233,1755000102769,1755000102898,129,4294,3.8
642204235,1755000102769,1755000102898,129,4294.06,0.089988
642204236,1755000102769,1755000102898,129,4294.11,0.000235
642204237,1755000102769,1755000102898,129,4294.18,0.0001
642204240,1755000102769,1755000102898,129,4294.24,0.717455
642204242,1755000102769,1755000102898,129,4294.33,1.878454
642204244,1755000102769,1755000102898,129,4294.4,0.023757
642204245,1755000102769,1755000102898,129,4294.44,0.198986
642204248,1755000102785,1755000102898,113,4294.5,0.090088
642204249,1755000102785,1755000102898,113,4294.52,0.044282
642204250,1755000102785,1755000102898,113,4294.53,0.00463
642204251,1755000102832,1755000102941,109,4294.53,0.002
642204252,1755000102864,1755000102976,112,4294.53,0.093164
642204253,1755000102869,1755000102981,112,4294.79,0.016454
642204254,1755000102871,1755000102981,110,4294.8,0.044282
642204255,1755000102871,1755000102981,110,4294.82,0.0001
642204257,1755000102871,1755000102982,111,4294.93,0.055618
642204258,1755000102879,1755000102989,110,4294.93,0.03437
642204259,1755000102926,1755000103037,111,4295.08,0.044282
642204260,1755000102926,1755000103037,111,4295.14,0.0001
642204261,1755000102926,1755000103037,111,4295.2,0.023522
642204262,1755000102926,1755000103037,111,4295.26,0.016454
642204263,1755000102926,1755000103037,111,4295.29,0.000235
642204264,1755000102926,1755000103037,111,4295.36,0.015407
642204265,1755000103157,1755000103266,109,4295.36,0.002
642204266,1755000103228,1755000103342,114,4295.35,0.232
642204267,1755000103515,1755000103628,113,4295.36,0.002
642204268,1755000103985,1755000104098,113,4295.36,0.022734
642204270,1755000104009,1755000104118,109,4295.35,0.035706
642204271,1755000104039,1755000104151,112,4295.13,0.03
642204272,1755000104060,1755000104170,110,4295.11,0.1
642204273,1755000104061,1755000104170,109,4295.11,0.1
642204274,1755000104232,1755000104346,114,4295.1,0.232
642204275,1755000104528,1755000104643,115,4295.11,0.008
642204276,1755000105179,1755000105295,116,4295.07,0.03
642204277,1755000105229,1755000105342,113,4294.8,0.044282
642204278,1755000105229,1755000105342,113,4294.79,0.016454
642204279,1755000105240,1755000105353,113,4294.6,0.232
642204280,1755000105349,1755000105461,112,4294.55,0.0001
642204281,1755000105682,1755000105793,111,4294.52,0.044282
642204283,1755000105716,1755000105829,113,4294.5,0.089
642204284,1755000105718,1755000105831,113,4294.5,0.000988
642204285,1755000105719,1755000105831,112,4294.4,0.023522
642204286,1755000105729,1755000105846,117,4294.33,0.016454
642204287,1755000105819,1755000105929,110,4294.24,0.044282
642204288,1755000105819,1755000105929,110,4294.23,0.0001
642204289,1755000105819,1755000105929,110,4294.12,0.000235
642204291,1755000105819,1755000105929,110,4294.06,0.089988
642204292,1755000105829,1755000105938,109,4293.97,0.02
642204293,1755000105834,1755000105943,109,4293.97,0.004657
642204294,1755000105835,1755000105944,109,4293.97,0.218
642204295,1755000105849,1755000105958,109,4293.96,0.044282
642204296,1755000105849,1755000105958,109,4293.91,0.0001
642204297,1755000106124,1755000106234,110,4293.9,0.16262
642204298,1755000106199,1755000106308,109,4293.86,0.016454
642204299,1755000106244,1755000106357,113,4293.7,0.232
642204300,1755000106459,1755000106570,111,4293.68,0.005
642204301,1755000106604,1755000106716,112,4293.69,0.009
642204303,1755000106967,1755000107079,112,4293.69,0.937834
642204304,1755000106984,1755000107094,110,4293.69,0.014
642204305,1755000106994,1755000107103,109,4293.69,0.000316
642204307,1755000106995,1755000107104,109,4293.69,2.812095
642204308,1755000106995,1755000107104,109,4293.69,0.000639
642204309,1755000106995,1755000107105,110,4293.69,0.00064
642204310,1755000107073,1755000107183,110,4293.69,0.000116
642204312,1755000107347,1755000107462,115,4293.68,0.232
642204313,1755000107410,1755000107547,137,4293.68,0.097698
642204314,1755000108210,1755000108320,110,4293.63,0.024
642204317,1755000108354,1755000108464,110,4293.62,0.232
642204318,1755000109340,1755000109463,123,4293.63,0.1
642204319,1755000109342,1755000109463,121,4293.63,0.1
642204320,1755000109361,1755000109470,109,4293.62,0.232
642204321,1755000109605,1755000109715,110,4293.63,0.002502
642204322,1755000110366,1755000110482,116,4293.62,0.232
642204324,1755000110993,1755000111108,115,4293.6,0.046275
642204325,1755000111009,1755000111121,112,4293.59,0.0001
642204326,1755000111371,1755000111486,115,4293.58,0.15
642204328,1755000111371,1755000111486,115,4293.52,0.082
642204329,1755000111387,1755000111500,113,4293.51,0.024
642204330,1755000111417,1755000111534,117,4293.47,0.005
642204331,1755000111579,1755000111690,111,4293.4,0.044282
642204332,1755000111579,1755000111690,111,4293.39,0.016454
642204333,1755000111579,1755000111690,111,4293.27,0.0001
642204334,1755000111579,1755000111690,111,4293.23,0.000235
642204335,1755000111753,1755000111863,110,4293.19,0.016
642204338,1755000112376,1755000112486,110,4293.18,0.107047
642204339,1755000112376,1755000112486,110,4293.12,0.044282
642204340,1755000112376,1755000112486,110,4293,0.080671
642204341,1755000112798,1755000112918,120,4293.01,0.000116
642204342,1755000112899,1755000113016,117,4293.01,0.219899
642204343,1755000113381,1755000113495,114,4293.18,0.232
642204344,1755000113555,1755000113665,110,4293.18,0.005
642204345,1755000113555,1755000113665,110,4293.18,0.005
642204346,1755000113555,1755000113665,110,4293.18,0.005
642204347,1755000113841,1755000113954,113,4293.19,0.016302
642204348,1755000114083,1755000114201,118,4293.19,0.012345
642204349,1755000114386,1755000114495,109,4293.18,0.232
642204350,1755000115390,1755000115503,113,4293.18,0.232
642204351,1755000115790,1755000115899,109,4293.18,0.023293
642204352,1755000116276,1755000116396,120,4293.19,0.1
642204354,1755000116277,1755000116396,119,4293.19,0.1
642204356,1755000116397,1755000116506,109,4293.18,0.232
642204357,1755000116913,1755000117027,114,4293.19,0.000116
642204360,1755000117183,1755000117296,113,4293.19,0.127979
642204361,1755000117499,1755000117611,112,4293.18,0.232
642204362,1755000118503,1755000118617,114,4293.18,0.232
642204363,1755000118922,1755000119039,117,4293.19,0.1
642204364,1755000118924,1755000119039,115,4293.19,0.1
642204365,1755000119241,1755000119351,110,4293.19,0.002
642204366,1755000119508,1755000119618,110,4293.18,0.072
642204368,1755000119650,1755000119760,110,4293.19,0.093961
642204369,1755000119744,1755000119857,113,4293.19,0.1
642204372,1755000119745,1755000119858,113,4293.19,0.1
642204373,1755000119749,1755000119859,110,4293.19,0.06652
642204374,1755000119749,1755000119859,110,4293.21,0.03
642204375,1755000119769,1755000119879,110,4293.33,0.142852
642204376,1755000119769,1755000119879,110,4293.38,0.013942
642204377,1755000119789,1755000119905,116,4293.4,0.044282
642204378,1755000120136,1755000120246,110,4293.4,0.000372
642204379,1755000120480,1755000120592,112,4293.41,2.235784
642204384,1755000120480,1755000120592,112,4293.41,1.207888
642204385,1755000120481,1755000120592,111,4293.51,0.000235
642204386,1755000120481,1755000120592,111,4293.59,0.03
642204388,1755000120487,1755000120597,110,4293.62,0.089988
642204389,1755000120487,1755000120598,111,4293.68,0.010012
642204390,1755000120489,1755000120600,111,4293.68,0.03427
642204392,1755000120489,1755000120600,111,4293.86,0.016554
642204393,1755000120489,1755000120601,112,4293.88,0.049176
642204395,1755000120497,1755000120607,110,4293.92,0.000982
642204396,1755000120512,1755000120626,114,4293.91,0.000998
642204398,1755000121064,1755000121173,109,4293.91,0.241833
642204399,1755000121185,1755000121298,113,4293.92,0.000202
642204400,1755000123820,1755000123929,109,4293.92,0.065019
642204401,1755000123836,1755000123945,109,4293.91,0.000232
642204402,1755000123984,1755000124093,109,4293.92,0.000819
642204404,1755000123992,1755000124102,110,4293.91,0.093981
642204405,1755000124169,1755000124288,119,4293.92,0.083128
642204406,1755000124169,1755000124288,119,4293.94,0.001945
642204407,1755000124429,1755000124541,112,4293.95,0.013601
642204410,1755000124651,1755000124760,109,4293.96,0.274103
642204411,1755000124651,1755000124760,109,4293.98,0.03
642204413,1755000124651,1755000124761,110,4294.06,0.089988
642204414,1755000124652,1755000124761,109,4294.11,0.000235
642204415,1755000124652,1755000124762,110,4294.16,0.099765
642204416,1755000124653,1755000124763,110,4294.18,0.0001
642204417,1755000124653,1755000124763,110,4294.24,0.044282
642204418,1755000124653,1755000124763,110,4294.33,0.055618
642204420,1755000124659,1755000124770,111,4294.33,0.023286
642204422,1755000124660,1755000124770,110,4294.33,0.883485
642204423,1755000124679,1755000124789,110,4294.4,0.023522
642204424,1755000126164,1755000126276,112,4294.49,0.20139
642204425,1755000126705,1755000126819,114,4294.49,0.003
642204428,1755000126786,1755000126989,203,4294.49,0.1642
642204432,1755000127106,1755000127219,113,4294.5,0.1
642204433,1755000127107,1755000127220,113,4294.5,0.1
642204434,1755000127860,1755000127974,114,4294.5,0.1
642204437,1755000127866,1755000127991,125,4294.5,0.1
642204441,1755000128567,1755000128683,116,4294.49,2.884641
642204442,1755000128571,1755000128683,112,4294.43,0.03
642204443,1755000128808,1755000128918,110,4294.18,0.003
642204445,1755000129584,1755000129698,114,4294.18,0.4229
642204446,1755000129587,1755000129698,111,4294.18,0.000034
642204447,1755000129589,1755000129699,110,4294.14,0.03
642204448,1755000129589,1755000129699,110,4294.12,0.000235
642204450,1755000129599,1755000129713,114,4294.06,0.089
642204451,1755000129602,1755000129713,111,4294.06,0.000988
642204452,1755000129609,1755000129722,113,4293.96,0.044282
642204454,1755000129609,1755000129722,113,4293.86,0.046454
642204455,1755000129609,1755000129722,113,4293.71,0.013976
642204456,1755000129649,1755000129759,110,4293.68,0.044282
642204458,1755000129649,1755000129759,110,4293.62,0.089988
642204460,1755000129819,1755000129931,112,4293.6,0.025908
642204461,1755000129819,1755000129932,113,4293.59,0.0001
642204462,1755000129819,1755000129932,113,4293.54,0.15
