tradeID,ts_exchange_ms,ts_received_ms,delay,price,volume
166494021,1754999102666,1754999102.7754302,1,119.46,0.331803
166494024,1754999102667,1754999102.7754886,1,119.48,2.02
166494467,1754999979512,1754999979623,111,119.57,4.200133
166494469,1754999979533,1754999979643,110,119.56,1.850855
166494471,1754999993979,1754999994154,175,119.56,0.901381
166494473,1755000001021,1755000001134,113,119.56,1.85046
166494474,1755000001887,1755000002001,114,119.55,1.766411
166494475,1755000002817,1755000002933,116,119.56,2.523805
166494476,1755000004544,1755000004670,126,119.57,1.188284
166494478,1755000015838,1755000015948,110,119.58,2.724029
166494480,1755000015846,1755000015963,117,119.59,0.074779
166494482,1755000015846,1755000015963,117,119.6,0.170556
166494483,1755000018030,1755000018140,110,119.61,0.01
166494484,1755000018030,1755000018140,110,119.62,0.01
166494486,1755000018030,1755000018140,110,119.63,1.141156
166494489,1755000021595,1755000021708,113,119.64,0.025075
166494490,1755000024904,1755000025014,110,119.63,0.037532
166494491,1755000029078,1755000029191,113,119.6,0.01
166494493,1755000033599,1755000033709,110,119.59,3.706059
166494494,1755000035531,1755000035645,114,119.62,1.160948
166494495,1755000039191,1755000039304,113,119.63,0.64788
166494496,1755000039191,1755000039304,113,119.64,0.01
166494498,1755000056616,1755000056732,116,119.65,0.20427
166494499,1755000056617,1755000056732,115,119.65,0.000009
166494500,1755000056617,1755000056733,116,119.66,0.01
166494501,1755000056617,1755000056733,116,119.67,0.01
166494502,1755000056665,1755000056776,111,119.68,0.01
166494505,1755000056665,1755000056776,111,119.69,2.438408
166494508,1755000056665,1755000056776,111,119.7,2.438408
166494510,1755000056665,1755000056776,111,119.71,3.386625
166494512,1755000057210,1755000057323,113,119.71,3.287707
166494513,1755000057210,1755000057323,113,119.71,3.001293
166494515,1755000057214,1755000057324,110,119.7,0.025
166494517,1755000057219,1755000057329,110,119.69,5.041359
166494518,1755000061150,1755000061271,121,119.68,0.01
166494519,1755000061150,1755000061271,121,119.67,0.077245
166494520,1755000066544,1755000066657,113,119.64,0.01
166494523,1755000067930,1755000068045,115,119.62,0.21427
166494524,1755000071172,1755000071299,127,119.62,0.000009
166494526,1755000071172,1755000071299,127,119.61,2.419788
166494529,1755000071172,1755000071299,127,119.6,1.86803
166494531,1755000080301,1755000080417,116,119.62,0.242841
166494533,1755000100410,1755000100523,113,119.61,0.272683
166494536,1755000100410,1755000100523,113,119.6,3.061612
166494537,1755000100506,1755000100617,111,119.59,8.94111
166494540,1755000100517,1755000100627,110,119.6,6.918517
166494543,1755000100517,1755000100627,110,119.6,2.938397
166494544,1755000100523,1755000100633,110,119.61,3
166494545,1755000100523,1755000100633,110,119.62,1
166494546,1755000102922,1755000103033,111,119.64,0.01
166494548,1755000124898,1755000125008,110,119.65,0.083577
166494549,1755000133901,1755000134016,115,119.63,1.015129
166494550,1755000149542,1755000149652,110,119.63,0.049161
166494551,1755000151110,1755000151248,138,119.64,0.22
166494552,1755000151114,1755000151264,150,119.65,0.573902
166494553,1755000162418,1755000162528,110,119.66,0.194171
166494554,1755000162418,1755000162528,110,119.67,0.01
166494555,1755000180042,1755000180152,110,119.69,0.01
166494557,1755000180042,1755000180152,110,119.7,1.705532
166494558,1755000184312,1755000184422,110,119.71,3.890934
166494559,1755000184480,1755000184590,110,119.72,0.194243
166494561,1755000184481,1755000184591,110,119.74,2.427048
166494562,1755000199919,1755000200029,110,119.74,0.120704
166494565,1755000202681,1755000202792,111,119.75,0.200975
166494567,1755000202681,1755000202792,111,119.76,0.054621
166494568,1755000204097,1755000204210,113,119.76,0.01
166494569,1755000204097,1755000204210,113,119.77,0.267566
166494570,1755000204730,1755000204847,117,119.75,0.464008
166494571,1755000224476,1755000224602,126,119.76,0.094158
166494572,1755000243204,1755000243317,113,119.73,0.10814
166494574,1755000272232,1755000272345,113,119.72,1.525847
166494575,1755000296791,1755000296901,110,119.76,0.194099
166494576,1755000296800,1755000296911,111,119.77,0.244362
166494579,1755000296800,1755000296911,111,119.78,3.052754
166494582,1755000299121,1755000299234,113,119.8,1.564479
166494584,1755000302066,1755000302176,110,119.81,0.312393
166494589,1755000302066,1755000302176,110,119.82,0.723934
166494595,1755000303115,1755000303227,112,119.83,2.450219
166494596,1755000304389,1755000304501,112,119.83,0.043821
166494597,1755000305605,1755000305723,118,119.84,0.06872
166494600,1755000305605,1755000305723,118,119.85,0.086347
166494606,1755000305605,1755000305723,118,119.86,5.62136
166494610,1755000305611,1755000305723,112,119.87,2.462308
166494611,1755000305611,1755000305723,112,119.88,1.537692
166494612,1755000305616,1755000305726,110,119.87,0.049898
166494618,1755000305657,1755000305766,109,119.88,3.632396
166494621,1755000305657,1755000305766,109,119.89,0.37261
166494622,1755000307462,1755000307582,120,119.89,0.014793
166494624,1755000310929,1755000311048,119,119.9,0.20433
166494628,1755000310929,1755000311048,119,119.91,1.412662
166494637,1755000310929,1755000311048,119,119.92,4.141331
166494638,1755000312561,1755000312674,113,119.91,0.55088
166494639,1755000314554,1755000314663,109,119.92,0.020847
166494640,1755000315065,1755000315180,115,119.91,0.129888
166494641,1755000325971,1755000326089,118,119.91,0.20391
166494642,1755000334326,1755000334439,113,119.91,0.974124
166494644,1755000335791,1755000335901,110,119.91,0.35168
166494646,1755000337338,1755000337457,119,119.92,0.738697
166494648,1755000337338,1755000337457,119,119.93,1.196476
166494653,1755000337338,1755000337458,120,119.94,2.2338
166494654,1755000339628,1755000339738,110,119.92,0.667111
166494655,1755000352135,1755000352247,112,119.91,0.000001
166494657,1755000352135,1755000352247,112,119.9,4.1905
166494658,1755000352496,1755000352609,113,119.89,0.100488
166494659,1755000352847,1755000352958,111,119.89,4.652424
166494660,1755000353363,1755000353479,116,119.88,0.02
166494662,1755000359622,1755000359733,111,119.87,0.65647
166494663,1755000362779,1755000362893,114,119.87,0.000009
166494665,1755000362981,1755000363095,114,119.85,0.85272
166494666,1755000369946,1755000370059,113,119.84,0.194123
166494668,1755000369946,1755000370060,114,119.83,2.299848
166494670,1755000369946,1755000370060,114,119.82,2.328058
166494671,1755000369948,1755000370060,112,119.81,2.308532
166494674,1755000371424,1755000371537,113,119.81,8.424011
166494676,1755000372031,1755000372147,116,119.83,0.146908
166494677,1755000375570,1755000375686,116,119.81,0.053377
166494678,1755000390622,1755000390731,109,119.82,3.357838
166494679,1755000396641,1755000396751,110,119.84,0.015
166494682,1755000396641,1755000396751,110,119.85,3.684197
166494683,1755000397171,1755000397287,116,119.84,2.296114
166494684,1755000397171,1755000397287,116,119.83,1.145185
166494686,1755000401552,1755000401668,116,119.84,0.2654
166494691,1755000401552,1755000401668,116,119.85,10.614322
166494697,1755000401553,1755000401669,116,119.86,10.518229
166494701,1755000401556,1755000401669,113,119.87,13.83452
166494706,1755000401557,1755000401669,112,119.88,4
166494707,1755000401843,1755000401954,111,119.88,0.01
166494709,1755000401954,1755000402064,110,119.9,0.02
166494710,1755000401968,1755000402077,109,119.91,4.788249
166494713,1755000401973,1755000402082,109,119.9,6.39
166494714,1755000406526,1755000406643,117,119.88,0.02
166494717,1755000406526,1755000406643,117,119.87,4.196229
166494718,1755000410909,1755000411022,113,119.85,0.01
166494720,1755000412953,1755000413063,110,119.84,8.8678
166494725,1755000412953,1755000413063,110,119.85,8.010992
166494726,1755000413218,1755000413327,109,119.85,16.78507
166494727,1755000413220,1755000413329,109,119.85,9.936583
166494728,1755000413528,1755000413640,112,119.85,16.785159
166494729,1755000413878,1755000413987,109,119.85,16.785273
166494730,1755000414139,1755000414253,114,119.85,3.627779
166494731,1755000414141,1755000414254,113,119.85,2.559203
166494732,1755000415307,1755000415417,110,119.84,0.038502
166494735,1755000419219,1755000419331,112,119.83,1.93057
166494737,1755000419529,1755000419642,113,119.83,5.03599
166494739,1755000420334,1755000420450,116,119.82,1.935396
166494741,1755000422978,1755000423089,111,119.81,1.847011
166494742,1755000423565,1755000423679,114,119.8,0.02
166494743,1755000431539,1755000431653,114,119.81,16.791012
166494744,1755000436333,1755000436447,114,119.81,5
166494745,1755000436333,1755000436447,114,119.81,20
166494746,1755000436343,1755000436453,110,119.81,5
166494747,1755000436394,1755000436504,110,119.81,0.73925
166494748,1755000436924,1755000437042,118,119.81,0.000003
166494751,1755000441207,1755000441319,112,119.82,8.225
166494753,1755000441539,1755000441649,110,119.82,5.036884
166494755,1755000447955,1755000448065,110,119.83,0.279569
166494756,1755000448815,1755000448924,109,119.84,0.01
166494759,1755000449356,1755000449466,110,119.86,0.2139
166494760,1755000456683,1755000456804,121,119.86,0.000007
166494768,1755000456683,1755000456804,121,119.88,4.420227
166494769,1755000461823,1755000461939,116,119.9,0.161895
166494771,1755000475030,1755000475140,110,119.88,3.524063
166494772,1755000475433,1755000475550,117,119.88,5.788233
166494773,1755000475436,1755000475550,114,119.88,8.70037
166494774,1755000475437,1755000475550,113,119.88,12.921961
166494775,1755000475438,1755000475550,112,119.88,4.920601
166494776,1755000478337,1755000478447,110,119.9,0.01
166494780,1755000478337,1755000478447,110,119.91,5.221634
166494785,1755000478339,1755000478449,110,119.92,2.245753
166494788,1755000478339,1755000478449,110,119.93,1.754247
166494789,1755000478342,1755000478451,109,119.93,1.960642
166494792,1755000478343,1755000478453,110,119.94,0.035
166494797,1755000478343,1755000478453,110,119.95,8.305284
166494798,1755000478355,1755000478466,111,119.94,0.02505
166494800,1755000478404,1755000478515,111,119.94,4.01661
166494802,1755000484046,1755000484156,110,119.89,4.180831
166494805,1755000484049,1755000484159,110,119.88,3.035
166494806,1755000484131,1755000484243,112,119.87,0.01
166494807,1755000484135,1755000484250,115,119.86,0.02
166494808,1755000484170,1755000484284,114,119.85,0.01
166494809,1755000484170,1755000484284,114,119.84,0.02
166494810,1755000484171,1755000484284,113,119.83,2.298126
166494811,1755000484319,1755000484428,109,119.82,0.02
166494813,1755000493369,1755000493484,115,119.85,0.015269
166494814,1755000509408,1755000509517,109,119.88,0.01
166494817,1755000509408,1755000509518,110,119.9,0.404613
166494818,1755000525384,1755000525494,110,119.88,2.574103
166494820,1755000525384,1755000525495,111,119.88,1.617103
166494821,1755000525385,1755000525495,110,119.87,0.015
166494824,1755000525397,1755000525507,110,119.86,2.181895
166494827,1755000544920,1755000545030,110,119.85,2.517748
166494833,1755000545718,1755000545827,109,119.85,21.265435
166494835,1755000555915,1755000556027,112,119.84,0.2039
166494838,1755000566252,1755000566369,117,119.84,4.18231
166494839,1755000567821,1755000567930,109,119.85,0.193728
166494841,1755000585883,1755000585997,114,119.9,0.20397
166494842,1755000586455,1755000586568,113,119.9,0.000009
166494843,1755000604372,1755000604481,109,119.91,0.167338
166494844,1755000607833,1755000607948,115,119.9,0.223982
166494846,1755000610841,1755000610953,112,119.91,0.098411
166494853,1755000610841,1755000610953,112,119.92,7.120159
166494854,1755000625368,1755000625478,110,119.91,0.153448
166494856,1755000637575,1755000637690,115,119.93,0.05
166494857,1755000646070,1755000646183,113,119.88,0.235572
166494858,1755000649671,1755000649786,115,119.88,0.410787
166494859,1755000649671,1755000649786,115,119.87,1.854682
166494862,1755000650523,1755000650633,110,119.86,0.21397
166494863,1755000651085,1755000651196,111,119.86,0.000009
166494864,1755000662338,1755000662455,117,119.84,0.01
166494867,1755000662338,1755000662456,118,119.83,2.917289
166494870,1755000662344,1755000662458,114,119.82,3.145164
166494872,1755000662344,1755000662458,114,119.82,3.058082
166494873,1755000668543,1755000668652,109,119.81,0.193728
166494874,1755000671477,1755000671591,114,119.8,52.304063
166494875,1755000671509,1755000671618,109,119.8,4.946314
166494876,1755000671509,1755000671618,109,119.8,8.056383
166494877,1755000671509,1755000671618,109,119.8,3.920535
166494878,1755000671509,1755000671624,115,119.8,3.113757
166494879,1755000671509,1755000671624,115,119.8,2.071861
166494880,1755000671509,1755000671624,115,119.8,8.834568
166494881,1755000671510,1755000671624,114,119.8,4.832407
166494882,1755000671510,1755000671624,114,119.8,2.288476
166494883,1755000671510,1755000671624,114,119.8,2.943064
166494884,1755000671511,1755000671624,113,119.8,49.968998
166494885,1755000671511,1755000671624,113,119.8,4.648777
166494886,1755000671511,1755000671624,113,119.8,3.992731
166494887,1755000671511,1755000671624,113,119.8,5.420549
166494888,1755000671513,1755000671624,111,119.8,2.980494
166494889,1755000671514,1755000671624,110,119.8,5
166494890,1755000671514,1755000671624,110,119.8,5
166494891,1755000671514,1755000671624,110,119.8,5
166494892,1755000671515,1755000671627,112,119.8,16.123859
166494893,1755000671515,1755000671627,112,119.8,10
166494894,1755000671573,1755000671682,109,119.8,48.970526
166494895,1755000671576,1755000671699,123,119.78,2.506828
166494896,1755000671576,1755000671700,124,119.78,2.506829
166494897,1755000671576,1755000671700,124,119.78,2.506829
166494898,1755000671576,1755000671700,124,119.78,2.506829
166494899,1755000671577,1755000671700,123,119.78,2.506829
166494900,1755000671577,1755000671700,123,119.78,2.506829
166494901,1755000671577,1755000671700,123,119.78,2.506829
166494902,1755000671577,1755000671700,123,119.78,2.50683
166494903,1755000671577,1755000671700,123,119.78,2.506829
166494904,1755000671578,1755000671700,122,119.78,2.50683
166494905,1755000684589,1755000684699,110,119.78,0.38144
166494906,1755000684768,1755000684886,118,119.78,9.404261
166494909,1755000701977,1755000702089,112,119.8,3.265484
166494912,1755000701977,1755000702090,113,119.81,8.00244
166494914,1755000702063,1755000702173,110,119.82,0.025
166494916,1755000702063,1755000702173,110,119.83,0.383285
166494918,1755000730213,1755000730326,113,119.84,0.010847
166494919,1755000738810,1755000738942,132,119.83,0.690523
166494921,1755000748484,1755000748594,110,119.84,0.594422
166494926,1755000748484,1755000748594,110,119.86,9.74058
166494930,1755000748485,1755000748594,109,119.87,7.506704
166494932,1755000754963,1755000755072,109,119.88,0.17185
166494935,1755000754963,1755000755072,109,119.9,1.873089
166494936,1755000755509,1755000755624,115,119.91,0.25
166494939,1755000757689,1755000757802,113,119.92,4.1
166494940,1755000761700,1755000761822,122,119.91,0.047657
166494941,1755000765875,1755000765989,114,119.92,0.01
166494943,1755000765878,1755000765989,111,119.93,11.03078
166494944,1755000766688,1755000766799,111,119.92,0.1242
166494945,1755000766688,1755000766799,111,119.91,0.152025
166494946,1755000772414,1755000772529,115,119.92,3.354836
166494947,1755000775580,1755000775693,113,119.92,0.072959
166494950,1755000782899,1755000783012,113,119.93,5.830026
166494953,1755000782899,1755000783012,113,119.92,5.510374
166494954,1755000782901,1755000783015,114,119.92,1.141147
166494960,1755000782901,1755000783015,114,119.91,32.025453
166494962,1755000782901,1755000783015,114,119.91,14.38
166494965,1755000782903,1755000783015,112,119.9,3.2
166494966,1755000782903,1755000783015,112,119.9,1.285024
166494967,1755000782903,1755000783015,112,119.89,1.354976
166494968,1755000782905,1755000783018,113,119.89,6.010874
166494969,1755000782906,1755000783018,112,119.89,4.889126
166494970,1755000782916,1755000783026,110,119.88,0.01
166494972,1755000782922,1755000783031,109,119.87,0.025
166494975,1755000782922,1755000783031,109,119.86,2.14451
166494977,1755000782933,1755000783042,109,119.86,6.38276
166494981,1755000782942,1755000783051,109,119.85,4
166494982,1755000782942,1755000783051,109,119.85,0.987397
166494983,1755000782946,1755000783055,109,119.86,5.4
166494984,1755000782947,1755000783057,110,119.85,2.152736
166494985,1755000782948,1755000783057,109,119.85,0.411962
166494993,1755000782948,1755000783057,109,119.84,7.931801
166494994,1755000782949,1755000783059,110,119.86,0.411962
166494995,1755000782949,1755000783059,110,119.84,1.882772
166495000,1755000782950,1755000783059,109,119.83,5.603963
166495001,1755000782952,1755000783061,109,119.83,3.37
166495002,1755000782958,1755000783067,109,119.83,0.751001
166495004,1755000782974,1755000783084,110,119.83,7.10671
166495005,1755000782977,1755000783086,109,119.82,0.01
166495006,1755000782977,1755000783087,110,119.81,0.015
166495007,1755000782977,1755000783087,110,119.83,2.227457
166495008,1755000782986,1755000783099,113,119.81,2.56006
166495010,1755000782987,1755000783099,112,119.8,25.01
166495011,1755000783014,1755000783123,109,119.81,2.249329
166495012,1755000783024,1755000783135,111,119.8,1.97243
166495016,1755000783044,1755000783154,110,119.8,13.582148
166495017,1755000783045,1755000783158,113,119.79,2.875716
166495019,1755000783052,1755000783161,109,119.79,5.889969
166495022,1755000783058,1755000783168,110,119.79,6.38276
166495024,1755000783064,1755000783174,110,119.79,10.945059
166495025,1755000783064,1755000783174,110,119.8,0.942754
166495026,1755000783074,1755000783184,110,119.79,2.493918
166495028,1755000783087,1755000783196,109,119.79,7.893918
166495030,1755000783096,1755000783206,110,119.79,4.01661
166495032,1755000783184,1755000783300,116,119.78,0.02
166495035,1755000783184,1755000783300,116,119.77,0.537
166495036,1755000783187,1755000783300,113,119.77,0.000159
166495039,1755000783187,1755000783300,113,119.76,0.045
166495041,1755000783187,1755000783300,113,119.75,1.554841
166495043,1755000783187,1755000783300,113,119.75,1.6
166495044,1755000783187,1755000783300,113,119.75,1.6
166495047,1755000783193,1755000783303,110,119.78,14.87117
166495048,1755000783269,1755000783381,112,119.76,0.01
166495049,1755000783269,1755000783381,112,119.75,0.015
166495052,1755000783271,1755000783388,117,119.74,0.035
166495054,1755000783274,1755000783389,115,119.73,2.015
166495056,1755000783341,1755000783451,110,119.72,0.629635
166495057,1755000783341,1755000783451,110,119.72,0.703066
166495058,1755000783350,1755000783459,109,119.72,0.731479
166495059,1755000783451,1755000783564,113,119.71,2.878118
166495061,1755000783451,1755000783564,113,119.71,2.878118
166495062,1755000783451,1755000783564,113,119.71,1.436464
166495064,1755000784315,1755000784434,119,119.72,5.41
166495067,1755000784315,1755000784434,119,119.73,5.906579
166495072,1755000784315,1755000784434,119,119.74,20.059421
166495076,1755000784363,1755000784475,112,119.75,10.503362
166495079,1755000785888,1755000786001,113,119.74,1.932089
166495080,1755000788509,1755000788621,112,119.73,0.647119
166495086,1755000788509,1755000788621,112,119.72,7.302881
166495087,1755000788514,1755000788624,110,119.72,2.953
166495089,1755000788516,1755000788626,110,119.72,2.9
166495090,1755000788632,1755000788744,112,119.72,0.01
166495091,1755000789644,1755000789753,109,119.71,0.010859
166495093,1755000790805,1755000790919,114,119.7,0.17185
166495096,1755000790805,1755000790919,114,119.69,0.50815
166495097,1755000790809,1755000790921,112,119.69,0.8
166495098,1755000791653,1755000791762,109,119.69,0.049021
166495099,1755000793313,1755000793425,112,119.68,0.161649
166495101,1755000795225,1755000795336,111,119.67,0.204051
166495106,1755000795225,1755000795336,111,119.66,0.595949
166495107,1755000795228,1755000795337,109,119.66,1.80948
166495113,1755000795228,1755000795337,109,119.65,12.647982
166495122,1755000795228,1755000795337,109,119.64,35.690545
166495123,1755000795950,1755000796060,110,119.65,0.194099
166495124,1755000796883,1755000796993,110,119.64,0.194243
166495125,1755000797070,1755000797180,110,119.63,0.01
166495127,1755000797784,1755000797897,113,119.61,0.657479
166495129,1755000797798,1755000797909,111,119.61,3.859531
166495131,1755000797798,1755000797909,111,119.6,0.429302
166495132,1755000805055,1755000805164,109,119.62,0.015555
166495135,1755000811595,1755000811706,111,119.6,1.206189
166495136,1755000816399,1755000816512,113,119.62,0.836107
166495138,1755000816418,1755000816527,109,119.64,0.654967
166495139,1755000829780,1755000829893,113,119.61,0.01
166495141,1755000837214,1755000837327,113,119.59,0.654967
166495142,1755000839249,1755000839361,112,119.58,0.756577
166495144,1755000841907,1755000842030,123,119.57,0.20417
166495145,1755000841987,1755000842100,113,119.57,0.000001
166495147,1755000843272,1755000843385,113,119.54,2.105
166495148,1755000844195,1755000844309,114,119.52,0.01
166495149,1755000844199,1755000844311,112,119.51,4.183985
166495153,1755000844339,1755000844448,109,119.5,0.11291
166495156,1755000844339,1755000844449,110,119.48,1.46141
166495158,1755000845629,1755000845745,116,119.46,0.65636
166495160,1755000845707,1755000845821,114,119.45,0.096337
166495161,1755000846187,1755000846299,112,119.44,0.016744
166495162,1755000846488,1755000846608,120,119.44,0.013738
166495165,1755000847416,1755000847528,112,119.43,0.08863
166495166,1755000847416,1755000847528,112,119.42,0.01
166495168,1755000847416,1755000847528,112,119.41,0.0591
166495173,1755000848058,1755000848173,115,119.4,4.09876
166495175,1755000848083,1755000848197,114,119.4,3.015203
166866190,1755169682310,1755169682422,112,127.38,0.2025
166866191,1755169683822,1755169683937,115,127.38,0.000016
166866192,1755169683838,1755169683950,112,127.36,0.01
166866193,1755169683841,1755169683953,112,127.35,0.015
166866195,1755169684174,1755169684286,112,127.34,2.6312
166866196,1755169684741,1755169684853,112,127.35,0.01
166866197,1755169685197,1755169685313,116,127.35,2.100511
166866198,1755169686876,1755169686988,112,127.35,0.046014
166866199,1755169687269,1755169687386,117,127.34,0.193
166866200,1755169687440,1755169687552,112,127.35,0.015702
166866201,1755169690393,1755169690533,140,127.35,1.730263
166866205,1755169690394,1755169690533,139,127.35,9.147419
166866206,1755169693528,1755169693640,112,127.34,0.000029
166866209,1755169693530,1755169693643,113,127.33,0.0394
166866210,1755169694717,1755169694830,113,127.34,0.039186
166866211,1755169695026,1755169695141,115,127.33,0.000043
166866213,1755169695032,1755169695150,118,127.32,0.574436
166866215,1755169695032,1755169695150,118,127.31,0.198183
166866219,1755169695032,1755169695150,118,127.3,7.439185
166866220,1755169695336,1755169695479,143,127.3,2.2516
166866221,1755169695501,1755169695618,117,127.32,0.01
166866222,1755169695754,1755169695868,114,127.34,0.01
166866223,1755169695954,1755169696068,114,127.35,0.01
166866225,1755169695954,1755169696068,114,127.36,25.01
166866226,1755169696502,1755169696616,114,127.37,0.01
166866227,1755169696573,1755169696685,112,127.38,0.01
166866228,1755169696666,1755169696778,112,127.39,0.01
166866229,1755169700442,1755169700556,114,127.4,0.19285
166866230,1755169705907,1755169706021,114,127.38,0.1928
166866231,1755169706945,1755169707058,113,127.38,0.00005
166866232,1755169707046,1755169707161,115,127.37,0.01
166866233,1755169707142,1755169707254,112,127.36,0.01
166866345,1755169830440,1755169830566,126,127.58,0.01
166866346,1755169831327,1755169831453,126,127.6,0.01
166866348,1755169832945,1755169833074,129,127.62,0.652714
166866349,1755169837823,1755169837950,127,127.64,0.1926
166866350,1755169837825,1755169837954,129,127.64,0.000059
166866353,1755169839935,1755169840061,126,127.68,0.212659
166866355,1755169839935,1755169840061,126,127.69,3.184035
166866356,1755169841335,1755169841457,122,127.7,0.01
166866359,1755169841614,1755169841746,132,127.72,0.212623
166866361,1755169841614,1755169841746,132,127.74,0.020043
166866363,1755169841614,1755169841746,132,127.75,0.167454
166866365,1755169855553,1755169855678,125,127.71,0.1
166866366,1755169860276,1755169860398,122,127.72,0.01
166866368,1755169860282,1755169860405,123,127.7,0.025
166866369,1755169870835,1755169870958,123,127.76,0.641959
166866372,1755169870835,1755169870958,123,127.77,0.038976
166866375,1755169870835,1755169870958,123,127.78,0.035343
166866380,1755169870835,1755169870958,123,127.79,5.513242
166866382,1755169871430,1755169871552,122,127.8,1.537794
166866383,1755169871431,1755169871553,122,127.8,2.320959
166866386,1755169871497,1755169871622,125,127.8,0.35738
166866387,1755169871527,1755169871650,123,127.8,0.000002
166866388,1755169871527,1755169871650,123,127.81,1.999998
166866389,1755169871538,1755169871660,122,127.81,5.11185
166866390,1755169871542,1755169871665,123,127.81,13.787371
166866391,1755169871542,1755169871666,124,127.81,4.100781
166866392,1755169877688,1755169877810,122,127.84,0.192433
166866394,1755169877688,1755169877810,122,127.85,0.022351
166866395,1755169877688,1755169877810,122,127.86,0.221601
166866396,1755169881291,1755169881417,126,127.86,0.34237
166866397,1755169881581,1755169881707,126,127.86,0.000005
166866398,1755169881581,1755169881707,126,127.87,0.029037
166866399,1755169881581,1755169881707,126,127.88,0.01
166866402,1755169885115,1755169885245,130,127.87,2.997
166866403,1755169886619,1755169886743,124,127.88,2.2318
166866405,1755169889089,1755169889218,129,127.87,2.2331
166866414,1755169889089,1755169889219,130,127.88,38.481846
166866420,1755169889089,1755169889219,130,127.89,9.285054
166866422,1755169889467,1755169889594,127,127.88,0.200201
166866423,1755169892533,1755169892658,125,127.89,0.015
166866425,1755169892533,1755169892658,125,127.9,0.025
166866428,1755169892533,1755169892658,125,127.91,2.523681
166866430,1755169893803,1755169893930,127,127.88,0.025
166866432,1755169893803,1755169893930,127,127.89,0.365962
166866433,1755169895818,1755169895948,130,127.88,0.015
166866434,1755169895818,1755169895949,131,127.89,0.427753
166866435,1755169904097,1755169904226,129,127.89,2
166866436,1755169905093,1755169905222,129,127.89,1.90001
166866438,1755169910598,1755169910720,122,127.89,0.115
166866441,1755169910598,1755169910720,122,127.9,0.267316
166866442,1755169914279,1755169914405,126,127.88,0.1923
166866443,1755169914330,1755169914456,126,127.88,0.000014
166866445,1755169916472,1755169916601,129,127.86,4.560926
166866446,1755169918007,1755169918129,122,127.85,0.01
166866447,1755169925639,1755169925764,125,127.85,0.64132
166866448,1755169926296,1755169926418,122,127.85,0.000004
166866449,1755169926296,1755169926418,122,127.84,0.01
166866450,1755169926450,1755169926572,122,127.83,0.01
166866451,1755169926736,1755169926862,126,127.82,0.01
166866452,1755169926739,1755169926866,127,127.81,0.01
166866454,1755169931343,1755169931468,125,127.8,0.20243
166866457,1755169934754,1755169934895,141,127.8,3.930889
166866459,1755169934755,1755169934901,146,127.79,3.509764
166866460,1755169934882,1755169935008,126,127.78,0.01
166866461,1755169934965,1755169935090,125,127.77,0.0164
166866462,1755169934990,1755169935114,124,127.77,0.000001
166866463,1755169934990,1755169935114,124,127.76,0.009999
166866464,1755169935045,1755169935170,125,127.76,0.000001
166866465,1755169935524,1755169935663,139,127.75,0.01
166866466,1755169935524,1755169935670,146,127.74,0.01
166866469,1755169935524,1755169935671,147,127.73,3.511405
166866474,1755169935525,1755169935671,146,127.72,10.90746
166866475,1755169935532,1755169935678,146,127.71,0.38498
166866476,1755169937011,1755169937135,124,127.72,0.9
166866477,1755169938723,1755169938844,121,127.73,3
166866478,1755169940234,1755169940356,122,127.74,0.01
166866479,1755169940814,1755169940937,123,127.76,0.01
166866481,1755169942964,1755169943090,126,127.78,0.530232
166866482,1755169943207,1755169943330,123,127.77,0.19257
166866483,1755169944740,1755169944866,126,127.77,0.000005
166866484,1755169944740,1755169944869,129,127.76,0.01
166866487,1755169944740,1755169944870,130,127.74,2.707596
166866489,1755169944743,1755169944879,136,127.73,3.904332
166866490,1755169950332,1755169950457,125,127.72,0.64195
166866491,1755169950707,1755169950828,121,127.72,0.000009
166866492,1755169950780,1755169950903,123,127.71,0.01
166866493,1755169950784,1755169950914,130,127.7,0.01
166866495,1755169950784,1755169950914,130,127.69,0.57423
166866498,1755169950784,1755169950915,131,127.68,3.516971
166866500,1755169951900,1755169952023,123,127.67,0.20262
166866505,1755169954879,1755169955002,123,127.67,9.888184
166866511,1755169954879,1755169955003,124,127.66,14.428716
166866515,1755169954879,1755169955003,124,127.65,6.652245
166866516,1755169955273,1755169955398,125,127.67,0.1
166866518,1755169955273,1755169955398,125,127.68,0.025
166866519,1755169955273,1755169955398,125,127.69,0.012521
166866521,1755169955273,1755169955398,125,127.69,0.057168
166866522,1755169955273,1755169955398,125,127.69,0.158132
166866523,1755169955273,1755169955398,125,127.69,0.064217
166866524,1755169964017,1755169964139,122,127.67,0.380298
166866526,1755169970185,1755169970307,122,127.72,0.20208
166866527,1755169970615,1755169970746,131,127.72,0.000009
166866530,1755169970617,1755169970747,130,127.74,2.611935
166866531,1755169987967,1755169988102,135,127.75,0.056182
166866533,1755169988170,1755169988294,124,127.76,0.446462
166866534,1755169989449,1755169989572,123,127.76,0.205497
166866537,1755169989449,1755169989572,123,127.78,3.712311
166866539,1755169989449,1755169989572,123,127.79,0.209144
166866542,1755169991226,1755169991353,127,127.8,0.2125
166866543,1755169991230,1755169991363,133,127.8,0.000076
166866604,1755170084320,1755170084517,197,127.98,0.791262
166866607,1755170084321,1755170084517,196,127.97,7.608124
166866613,1755170084322,1755170084517,195,127.96,16.96889
166866618,1755170084330,1755170084559,229,127.95,9.850396
166866619,1755170084332,1755170084562,230,127.95,3.092778
166866620,1755170084379,1755170084720,341,127.94,0.01
166866623,1755170084703,1755170084853,150,127.94,5.621068
166866627,1755170084707,1755170084864,157,127.95,12.224201
166866630,1755170084710,1755170084864,154,127.96,12.971528
166866632,1755170085049,1755170085170,121,127.97,6.9264
166866634,1755170085344,1755170085465,121,127.98,1.153
166866637,1755170090961,1755170091078,117,128,0.217171
166866638,1755170095159,1755170095277,118,127.99,0.011016
166866641,1755170101584,1755170101702,118,128.01,1.80796
166866643,1755170101584,1755170101703,119,128.02,0.025
166866647,1755170101585,1755170101703,118,128.03,4
166866649,1755170103774,1755170103890,116,128.04,3.260511
166866651,1755170103892,1755170104014,122,128.05,5.879442
166866653,1755170103894,1755170104015,121,128.04,0.025
166866654,1755170106445,1755170106562,117,128.05,0.192
166866655,1755170106795,1755170106918,123,128.05,0.000016
166866657,1755170107006,1755170107129,123,128.06,0.028976
166866677,1755170107113,1755170107229,116,128.08,2.172624
166866681,1755170107603,1755170107722,119,128.09,0.2551
166866682,1755170108045,1755170108163,118,128.09,0.00006
166866683,1755170111302,1755170111424,122,128.08,0.01
166866684,1755170111309,1755170111430,121,128.07,0.64045
166866685,1755170112452,1755170112570,118,128.07,0.000002
166866686,1755170112452,1755170112570,118,128.06,0.01
166866688,1755170117223,1755170117346,123,128.05,0.03
166866689,1755170118908,1755170119052,144,128.05,0.621205
166866693,1755170118908,1755170119052,144,128.04,7.83413
166866701,1755170118909,1755170119052,143,128.03,30.296982
166866709,1755170118909,1755170119052,143,128.02,33.021382
166866716,1755170118913,1755170119053,140,128.01,12.313286
166866721,1755170118915,1755170119057,142,128,13.461765
166866723,1755170119297,1755170119459,162,128,2.371728
166866725,1755170119298,1755170119459,161,128,5.69123
166866726,1755170119302,1755170119460,158,128.01,3.730337
166866727,1755170119860,1755170119976,116,128.02,0.01
166866728,1755170120896,1755170121014,118,128.04,0.01
166866730,1755170121295,1755170121410,115,128.06,0.02
166866731,1755170121642,1755170121763,121,128.08,0.01
166866733,1755170121642,1755170121763,121,128.1,10.160313
166866734,1755170121657,1755170121772,115,128.1,9.745108
166866735,1755170121685,1755170121810,125,128.1,2.603724
166866736,1755170121685,1755170121810,125,128.1,2.500855
166866740,1755170121762,1755170121877,115,128.11,0.1616
166866741,1755170121934,1755170122049,115,128.11,0.000022
166866742,1755170122155,1755170122286,131,128.12,0.01
166866747,1755170122318,1755170122436,118,128.12,11.69392
166866748,1755170122510,1755170122628,118,128.12,0.039146
166866750,1755170126275,1755170126394,119,128.13,0.04389
166866751,1755170126869,1755170126988,119,128.14,0.011847
166866756,1755170129521,1755170129642,121,128.15,3.141116
166866761,1755170130715,1755170130830,115,128.16,0.812968
166866763,1755170130998,1755170131114,116,128.17,0.317965
166866766,1755170130998,1755170131114,116,128.18,0.195216
166866767,1755170131015,1755170131130,115,128.17,0.010601
166866768,1755170131778,1755170131898,120,128.17,0.479363
166866769,1755170133024,1755170133144,120,128.18,0.0946
166866771,1755170133028,1755170133145,117,128.18,0.088303
166866772,1755170139984,1755170140106,122,128.18,0.195633
166866773,1755170142191,1755170142308,117,128.17,0.6419
166866774,1755170142211,1755170142325,114,128.17,0.000059
166866777,1755170142813,1755170142929,116,128.17,3.482598
166866778,1755170144424,1755170144540,116,128.17,0.250195
166866780,1755170144641,1755170144757,116,128.16,1.000753
166866781,1755170149670,1755170149785,115,128.17,0.19
166866783,1755170149971,1755170150090,119,128.17,0.02501
166866784,1755170149971,1755170150091,120,128.18,1.781449
166866787,1755170150564,1755170150682,118,128.18,3.066248
166866794,1755170150564,1755170150683,119,128.19,14.274292
166866804,1755170150564,1755170150683,119,128.2,15.65946
166866807,1755170152642,1755170152761,119,128.18,4.855065
166866809,1755170152643,1755170152769,126,128.17,7.550349
166866811,1755170152703,1755170152829,126,128.16,4.96
166866813,1755170152706,1755170152834,128,128.15,2.735057
166866818,1755170152708,1755170152834,126,128.14,18.420068
166866821,1755170152715,1755170152843,128,128.13,21.010803
166866822,1755170153115,1755170153230,115,128.12,0.094054
166866827,1755170153247,1755170153382,135,128.13,8.254754
166866829,1755170153253,1755170153392,139,128.14,4.231272
166866835,1755170153255,1755170153392,137,128.15,39.064712
166866836,1755170156968,1755170157090,122,128.18,0.01
166866838,1755170156968,1755170157091,123,128.19,0.025
166866840,1755170156968,1755170157091,123,128.2,0.965
166866841,1755170157520,1755170157635,115,128.2,0.146489
166866842,1755170160377,1755170160494,117,128.17,0.643231
166866843,1755170160511,1755170160629,118,128.16,0.01
166866847,1755170164032,1755170164155,123,128.15,9.7722
166866850,1755170164047,1755170164162,115,128.14,4.556448
166866852,1755170167611,1755170167727,116,128.14,0.717523
166866853,1755170168968,1755170169083,115,128.14,0.083959
166866854,1755170169600,1755170169716,116,128.13,0.01
166866856,1755170175728,1755170175843,115,128.14,25.391264
166866857,1755170176735,1755170176899,164,128.15,0.064287
166866858,1755170183348,1755170183466,118,128.13,0.805819
166866861,1755170184155,1755170184273,118,128.12,0.700707
166866864,1755170184155,1755170184273,118,128.11,3.495789
166866870,1755170184155,1755170184273,118,128.1,13.837318
166866878,1755170184155,1755170184273,118,128.09,27.074264
166866881,1755170184155,1755170184273,118,128.08,4.841922
166866882,1755170186281,1755170186415,134,128.09,2.1
166866884,1755170186310,1755170186434,124,128.08,3.912026
166866886,1755170186399,1755170186513,114,128.08,0.568131
166866887,1755170186458,1755170186575,117,128.07,0.01
166866893,1755170186476,1755170186592,116,128.07,12.635683
166866897,1755170186476,1755170186592,116,128.07,9.108607
166866898,1755170186805,1755170186930,125,128.07,2.1793
166866905,1755170186810,1755170186933,123,128.08,18.026736
166866906,1755170186813,1755170186936,123,128.07,0.4599
166866908,1755170186813,1755170186938,125,128.09,2.240072
166866911,1755170186813,1755170186938,125,128.09,12.937626
166866913,1755170186813,1755170186938,125,128.09,18.716448
166866915,1755170186824,1755170186952,128,128.1,1.757264
166866916,1755170186824,1755170186952,128,128.1,1.022736
166866917,1755170186828,1755170186955,127,128.1,2.116009
166866918,1755170186828,1755170186955,127,128.1,0.07874
166866920,1755170187825,1755170187941,116,128.11,0.6527
166866921,1755170188580,1755170188711,131,128.11,0.000058
166866922,1755170192794,1755170192914,120,128.13,0.01
166866923,1755170192794,1755170192915,121,128.14,0.01
166866927,1755170192794,1755170192915,121,128.16,4.192438
166866931,1755170192794,1755170192915,121,128.17,9.187562
166866932,1755170199453,1755170199569,116,128.14,0.064323
166866933,1755170199587,1755170199706,119,128.12,0.01
166866934,1755170199726,1755170199846,120,128.11,0.01
166866935,1755170204078,1755170204198,120,128.11,0.779956
166866936,1755170210567,1755170210685,118,128.12,1.2
166866937,1755170216215,1755170216333,118,128.1,0.192016
166866939,1755170218248,1755170218363,115,128.09,0.652758
166866940,1755170220285,1755170220399,114,128.07,0.01
166866941,1755170220424,1755170220540,116,128.06,0.01
166866942,1755170220489,1755170220604,115,128.05,0.01
166866943,1755170220555,1755170220669,114,128.04,0.01
166866944,1755170224432,1755170224554,122,128.03,0.56423
166866945,1755170238401,1755170238522,121,128.01,0.01
166866948,1755170238401,1755170238523,122,128,8.791695
166866949,1755170239002,1755170239119,117,127.99,0.01
166866950,1755170239004,1755170239123,119,127.98,0.01
166866951,1755170239004,1755170239123,119,127.97,0.01
166866953,1755170252994,1755170253113,119,127.97,1.341725
166866954,1755170255603,1755170255718,115,127.97,0.219626
166866955,1755170259928,1755170260043,115,127.99,0.01
166866957,1755170261554,1755170261671,117,127.99,2.343934
166866958,1755170263665,1755170263782,117,128.01,0.01
166866959,1755170265832,1755170265950,118,128.03,0.01
166866960,1755170275064,1755170275183,119,128.08,0.063082
166866961,1755170276926,1755170277043,117,128.05,0.192089
166866962,1755170276926,1755170277043,117,128.04,0.01
166866963,1755170276926,1755170277043,117,128.03,1.360015
166866964,1755170276978,1755170277096,118,128.03,0.288668
166866969,1755170294637,1755170294755,118,128.08,10.648943
166866970,1755170296465,1755170296583,118,128.08,0.25794
166866971,1755170296521,1755170296642,121,128.08,0.000004
166866972,1755170296563,1755170296679,116,128.07,0.1921
166866973,1755170296567,1755170296685,118,128.07,0.000071
166866974,1755170296654,1755170296771,117,128.06,0.01
166866977,1755170297018,1755170297144,126,128.04,4.804244
166866979,1755170297018,1755170297144,126,128.05,4.405756
166866981,1755170301496,1755170301614,118,128.03,0.025621
166866983,1755170301496,1755170301614,118,128.02,0.025
166866985,1755170302724,1755170302846,122,128.02,3.4465
166866988,1755170302724,1755170302847,123,128.03,6.5535
166866989,1755170312223,1755170312338,115,128.04,0.150404
166866991,1755170312223,1755170312338,115,128.06,0.02
166867552,1755170944436,1755170944558,122,127.73,0.01
166867554,1755170948156,1755170948276,120,127.74,0.3891
166867555,1755170948326,1755170948447,121,127.74,4.161223
166867556,1755170948326,1755170948447,121,127.74,3.470267
166867557,1755170952669,1755170952786,117,127.71,0.046904
166867558,1755170963270,1755170963390,120,127.72,0.046904
166867559,1755170965145,1755170965276,131,127.72,1.047553
166867560,1755170978296,1755170978416,120,127.75,0.01
166867562,1755170978296,1755170978416,120,127.76,0.051253
166867564,1755170979551,1755170979668,117,127.76,0.567966
166867567,1755170999776,1755170999896,120,127.77,0.085941
166867568,1755171001400,1755171001527,127,127.75,0.015
166867570,1755171001406,1755171001534,128,127.74,4.185988
166867572,1755171005144,1755171005263,119,127.77,0.1105
166867573,1755171005144,1755171005263,119,127.77,0.000096
166867574,1755171005202,1755171005326,124,127.78,0.02
166867577,1755171006020,1755171006137,117,127.79,7.425
166867578,1755171006023,1755171006140,117,127.79,0.7308
166867579,1755171006025,1755171006142,117,127.79,0.000036
166867580,1755171006107,1755171006229,122,127.8,0.6168
166867582,1755171006129,1755171006248,119,127.8,0.3105
166867583,1755171007963,1755171008080,117,127.79,7.72717
166867584,1755171008127,1755171008247,120,127.78,0.01
166867586,1755171010740,1755171010860,120,127.75,0.1105
166867587,1755171010741,1755171010861,120,127.75,0.000096
166867588,1755171010741,1755171010861,120,127.74,0.01
166867591,1755171010810,1755171010928,118,127.74,7.979506
166867592,1755171025628,1755171025749,121,127.74,0.355356
166867594,1755171030333,1755171030453,120,127.73,0.233847
166867596,1755171040638,1755171040758,120,127.76,6.04187
166867599,1755171040638,1755171040758,120,127.75,6.20597
166867606,1755171040638,1755171040759,121,127.74,18.483786
166867607,1755171046301,1755171046418,117,127.75,0.11483
166867609,1755171048513,1755171048632,119,127.73,4.750643
166867612,1755171048515,1755171048633,118,127.72,3.938117
166867614,1755171048975,1755171049092,117,127.71,0.1558
166867615,1755171048979,1755171049096,117,127.71,0.000098
166867616,1755171049943,1755171050060,117,127.7,0.01
166867617,1755171049943,1755171050060,117,127.69,0.01
166867620,1755171049943,1755171050060,117,127.68,6.076722
168412383,1756746867807,1756746867939,132,108.66,0.01
168412384,1756746882206,1756746882320,114,108.68,0.1765
168412385,1756746882206,1756746882320,114,108.69,0.92331
168412386,1756746886054,1756746886167,113,108.66,0.146709
168412387,1756746888882,1756746888992,110,108.66,0.029791
168412388,1756746890220,1756746890331,111,108.64,0.036075
168412390,1756746901094,1756746901210,116,108.63,0.01
168412391,1756746904831,1756746904943,112,108.62,0.176598
168412392,1756746905204,1756746905319,115,108.61,0.01
168412394,1756746910672,1756746910785,113,108.62,0.172318
168412396,1756746910698,1756746910822,124,108.63,6.84862
168412400,1756746910704,1756746910836,132,108.62,4.823255
168412401,1756746914101,1756746914217,116,108.6,0.588807
168412402,1756746915879,1756746916021,142,108.59,0.01
168412403,1756746915924,1756746916043,119,108.58,0.01
168412404,1756746919058,1756746919168,110,108.57,0.01
168412407,1756746924928,1756746925040,112,108.6,0.096294
168412409,1756746924928,1756746925040,112,108.61,6.970743
168412412,1756746924976,1756746925089,113,108.61,8.39647
168412414,1756746935578,1756746935691,113,108.57,0.32592
168412415,1756746936120,1756746936235,115,108.57,1.015049
168412416,1756746936121,1756746936235,114,108.57,1.015051
168412417,1756746936121,1756746936235,114,108.57,0.261615
168412418,1756746938884,1756746938997,113,108.61,0.135078
168412419,1756746944663,1756746944775,112,108.56,0.01
168412420,1756746950422,1756746950532,110,108.56,1.173372
168412421,1756746950422,1756746950532,110,108.56,1.173372
168412422,1756746950422,1756746950532,110,108.56,0.181228
168412427,1756746952906,1756746953019,113,108.56,18.409351
168412429,1756746956355,1756746956465,110,108.6,0.354749
168412430,1756746956355,1756746956465,110,108.6,0.243594
168412431,1756746957331,1756746957444,113,108.61,0.16832
168412433,1756746959252,1756746959364,112,108.62,0.02
168412434,1756746960663,1756746960776,113,108.63,0.850001
168412435,1756746964184,1756746964293,109,108.64,0.01
168412437,1756746964184,1756746964293,109,108.65,0.625733
168412439,1756746966132,1756746966241,109,108.62,6.76
168412440,1756746971967,1756746972086,119,108.61,0.02
168412441,1756746978865,1756746978978,113,108.6,0.162318
168412442,1756746985784,1756746985897,113,108.6,0.108261
168412443,1756746985784,1756746985897,113,108.61,10
168412444,1756746985794,1756746985903,109,108.62,0.01
168412447,1756746985808,1756746985918,110,108.62,10
168412448,1756746996622,1756746996731,109,108.63,0.162522
168412450,1756746996676,1756746996789,113,108.64,0.02
168412452,1756746996968,1756746997079,111,108.66,0.02
168412453,1756746996968,1756746997079,111,108.67,10
168412454,1756747006328,1756747006449,121,108.65,8.756829
168412456,1756747012222,1756747012335,113,108.68,0.172549
168412457,1756747017681,1756747017795,114,108.72,0.588175
168412460,1756747017681,1756747017795,114,108.73,13.458795
168412461,1756747017681,1756747017795,114,108.73,0.000012
168412466,1756747017681,1756747017795,114,108.74,6.6792
168412472,1756747017681,1756747017795,114,108.75,27.610655
168412477,1756747017684,1756747017795,111,108.76,4.111174
168412478,1756747017684,1756747017796,112,108.76,4
168412481,1756747017687,1756747017797,110,108.76,7.622867
168412482,1756747017693,1756747017802,109,108.76,0.01
168412484,1756747017693,1756747017802,109,108.77,3.010564
168412486,1756747017693,1756747017802,109,108.78,0.025
168412489,1756747017693,1756747017803,110,108.79,6.152376
168412491,1756747017792,1756747017905,113,108.77,0.844595
168412492,1756747017809,1756747017919,110,108.77,0.85
168412494,1756747018706,1756747018822,116,108.77,11.75526
168412498,1756747018706,1756747018822,116,108.77,12.230319
168412504,1756747018706,1756747018823,117,108.76,22.256582
168412507,1756747018706,1756747018823,117,108.75,14.220719
168412508,1756747018710,1756747018823,113,108.75,1.5
168412509,1756747018710,1756747018823,113,108.74,2.5
168412510,1756747024154,1756747024270,116,108.75,2.298689
168412511,1756747024159,1756747024283,124,108.74,0.01
168412513,1756747024162,1756747024298,136,108.73,0.474749
168412514,1756747025695,1756747025807,112,108.74,6.16129
168412516,1756747025697,1756747025810,113,108.74,4.015118
168412517,1756747040115,1756747040224,109,108.71,0.176408
168412519,1756747041469,1756747041578,109,108.7,0.59817
168412520,1756747041582,1756747041696,114,108.7,0.000005
168412522,1756747043072,1756747043183,111,108.68,0.02
168412524,1756747063315,1756747063424,109,108.66,0.172549
168412525,1756747064786,1756747064899,113,108.65,0.163411
168412527,1756747081595,1756747081708,113,108.67,0.134954
168412529,1756747084277,1756747084390,113,108.67,2.580096
168412530,1756747085135,1756747085244,109,108.68,0.01
168412531,1756747085137,1756747085246,109,108.69,4.742553
168412532,1756747085152,1756747085262,110,108.69,5.205843
168412533,1756747085342,1756747085451,109,108.69,3.217063
168412535,1756747085342,1756747085451,109,108.69,3.217063
168412536,1756747085342,1756747085451,109,108.69,56.770415
168412538,1756747085342,1756747085451,109,108.69,3.217063
168412542,1756747104169,1756747104291,122,108.71,3.192842
168412543,1756747108372,1756747108484,112,108.72,0.1763
168412544,1756747108374,1756747108487,113,108.72,0.000073
168412545,1756747139483,1756747139595,112,108.71,0.01
168512274,1756891287488,1756891287592,104,111.9,0.17318
168512275,1756891287488,1756891287592,104,111.89,0.015
168512276,1756891287488,1756891287592,104,111.88,1.598107
168512277,1756891287699,1756891287810,111,111.91,0.900225
168512278,1756891288029,1756891288133,104,111.9,1.319313
168512281,1756891299576,1756891299685,109,111.92,0.544101
168512282,1756891299576,1756891299685,109,111.93,0.356124
168512283,1756891299576,1756891299685,109,111.93,0.900225
168512286,1756891305296,1756891305418,122,111.95,13.509321
168512288,1756891309570,1756891309677,107,111.94,0.311434
168512289,1756891316351,1756891316461,110,111.95,1.050317
168512290,1756891328550,1756891328656,106,111.95,0.900225
168512291,1756891329118,1756891329264,146,111.94,23.410859
168512292,1756891329125,1756891329264,139,111.94,3.837007
168512293,1756891329187,1756891329294,107,111.94,6.267634
168512294,1756891329195,1756891329299,104,111.94,11.30683
168512295,1756891329195,1756891329299,104,111.94,20
168512296,1756891329232,1756891329344,112,111.94,6.92096
168512297,1756891329233,1756891329344,111,111.94,10
168512298,1756891329234,1756891329344,110,111.94,15
168512299,1756891329234,1756891329344,110,111.94,5
168512300,1756891329235,1756891329344,109,111.94,10
168512301,1756891329300,1756891329408,108,111.94,39.403715
168512302,1756891329304,1756891329412,108,111.94,0.893295
168512303,1756891329307,1756891329412,105,111.94,0.893295
168512304,1756891329309,1756891329414,105,111.94,0.893295
168512305,1756891329311,1756891329417,106,111.94,0.893295
168512306,1756891329314,1756891329420,106,111.94,0.893295
168512307,1756891329317,1756891329423,106,111.94,0.893295
168512308,1756891329319,1756891329423,104,111.94,0.893295
168512309,1756891329321,1756891329426,105,111.94,0.893295
168512310,1756891329324,1756891329433,109,111.94,0.893295
168512311,1756891329326,1756891329437,111,111.94,0.893295
168512312,1756891329328,1756891329437,109,111.94,0.893295
168512313,1756891329330,1756891329437,107,111.94,0.893295
168512314,1756891329332,1756891329437,105,111.94,0.893295
168512315,1756891329334,1756891329444,110,111.94,0.893295
168512316,1756891329337,1756891329444,107,111.94,0.893295
168512317,1756891329340,1756891329451,111,111.94,0.893295
168512318,1756891329343,1756891329451,108,111.94,0.893295
168512319,1756891329346,1756891329451,105,111.94,0.893295
168512320,1756891329349,1756891329465,116,111.94,0.893295
168512321,1756891329351,1756891329465,114,111.94,0.893295
168512322,1756891329354,1756891329465,111,111.94,0.017174
168512323,1756891329420,1756891329527,107,111.94,15.248379
168512324,1756891329500,1756891329613,113,111.94,42.699577
168512325,1756891329502,1756891329614,112,111.94,24.302388
168512326,1756891329502,1756891329614,112,111.94,5
168512327,1756891329506,1756891329614,108,111.94,4.440384
168512328,1756891329507,1756891329614,107,111.94,22.760846
168512329,1756891329508,1756891329622,114,111.94,2.21508
168512330,1756891329512,1756891329622,110,111.94,13.556838
168512331,1756891329523,1756891329627,104,111.94,9.209939
168512332,1756891329523,1756891329627,104,111.94,147.265409
168512333,1756891329524,1756891329630,106,111.95,0.321587
168512334,1756891329525,1756891329630,105,111.94,8.94111
168512335,1756891329526,1756891329630,104,111.94,5
168512336,1756891329526,1756891329632,106,111.94,8.270422
168512337,1756891329578,1756891329685,107,111.94,26.694305
168512338,1756891329580,1756891329685,105,111.94,6.388697
168512339,1756891330118,1756891330222,104,111.94,5.682825
168512340,1756891330119,1756891330223,104,111.94,3.587536
168512341,1756891330120,1756891330225,105,111.94,10.6962
168512342,1756891330121,1756891330225,104,111.94,0.898905
168512343,1756891330161,1756891330265,104,111.94,4.67989
168512344,1756891330165,1756891330269,104,111.94,5
168512345,1756891330165,1756891330270,105,111.94,77.398875
168512346,1756891330165,1756891330270,105,111.94,6.07951
168512347,1756891330166,1756891330271,105,111.94,28.748155
168512348,1756891330166,1756891330271,105,111.94,15
168512349,1756891330166,1756891330271,105,111.94,5
168512350,1756891330168,1756891330272,104,111.94,8.12828
168512351,1756891330169,1756891330274,105,111.94,72.9161
168512352,1756891330169,1756891330275,106,111.94,9.114513
168512353,1756891330171,1756891330276,105,111.94,27.433203
168512354,1756891330172,1756891330276,104,111.94,10.220213
168512355,1756891330172,1756891330276,104,111.94,8.937349
168512356,1756891330172,1756891330276,104,111.94,9.082541
168512357,1756891353399,1756891353508,109,111.92,0.154559
168512359,1756891353399,1756891353508,109,111.93,0.346654
168512361,1756891353861,1756891353968,107,111.94,0.025
168512363,1756891365405,1756891365513,108,111.94,0.1513
168512364,1756891365452,1756891365561,109,111.94,0.000021
168512365,1756891371403,1756891371511,108,111.92,1.912437
168512366,1756891376244,1756891376351,107,111.93,0.900225
168512367,1756891376245,1756891376351,106,111.93,0.900225
168512368,1756891393823,1756891393944,121,111.93,0.157284
168512369,1756891396439,1756891396543,104,111.93,0.62539
168512370,1756891442310,1756891442422,112,111.93,2.53314
168512374,1756891456596,1756891456705,109,111.92,21.552717
168512380,1756891456596,1756891456706,110,111.91,17.118452
168512385,1756891456596,1756891456706,110,111.9,13.182195
168512393,1756891456596,1756891456706,110,111.89,22.859636
168512394,1756891468288,1756891468396,108,111.92,0.115387
168512395,1756891483845,1756891483950,105,111.95,0.1513
168512396,1756891486271,1756891486379,108,111.95,0.003311
168512397,1756891486356,1756891486464,108,111.96,0.01
168512398,1756891486356,1756891486464,108,111.97,0.590008
168512399,1756891486508,1756891486615,107,111.96,0.062116
168512400,1756891487447,1756891487551,104,111.97,0.900225
168512401,1756891487462,1756891487570,108,111.97,0.468574
168512404,1756891487462,1756891487570,108,111.98,0.030343
168512406,1756891487462,1756891487570,108,111.99,0.101255
168512408,1756891487492,1756891487601,109,111.99,0.025694
168512410,1756891487492,1756891487601,109,112,0.574306
168512416,1756891487496,1756891487601,105,112,0.800563
168512417,1756891488999,1756891489107,108,111.98,0.564
168512418,1756891510230,1756891510335,105,111.97,1.44
168512421,1756891515605,1756891515712,107,112,0.999901
168512422,1756891515607,1756891515714,107,112,0.999955
168512423,1756891515611,1756891515715,104,112,1.000116
168512424,1756891528245,1756891528353,108,112,0.853545
168512425,1756891528472,1756891528576,104,112,0.900225
168512426,1756891528472,1756891528576,104,112,0.900225
168512427,1756891532267,1756891532374,107,112,0.900225
168512428,1756891532268,1756891532374,106,112,0.900225
168512431,1756891539778,1756891539885,107,112,3.394472
168512435,1756891540534,1756891540642,108,112.02,0.612212
168512436,1756891540534,1756891540642,108,112.03,0.455123
168512437,1756891556161,1756891556266,105,112,0.223192
168512438,1756891587681,1756891587791,110,112,0.022318
168512439,1756891587772,1756891587876,104,112,0.012174
168512440,1756891608386,1756891608495,109,112,0.026381
168512441,1756891613253,1756891613357,104,111.97,0.01
168512442,1756891626187,1756891626294,107,111.97,0.20005
168512443,1756891635335,1756891635439,104,111.95,0.01
168512444,1756891641279,1756891641389,110,111.94,0.238627
168512445,1756891659479,1756891659587,108,111.95,0.900225
168512447,1756891665330,1756891665440,110,111.95,101.941196
168512448,1756891665332,1756891665441,109,111.95,31.693642
168512449,1756891665332,1756891665441,109,111.95,13.537177
168512452,1756891679738,1756891679845,107,111.96,0.900225
168512453,1756891679744,1756891679854,110,111.96,0.80033
168512454,1756891684294,1756891684401,107,111.97,0.015
168512458,1756891684294,1756891684401,107,111.98,6.535785
168512464,1756891684294,1756891684401,107,111.99,14.111824
168512465,1756891691547,1756891691656,109,111.98,0.411593
168512467,1756891699236,1756891699344,108,111.99,0.117866
168512468,1756891699236,1756891699345,109,112,0.060178
168512469,1756891705373,1756891705480,107,111.99,0.034018
168512470,1756891731177,1756891731285,108,112,0.227453
168512471,1756891731545,1756891731649,104,112.01,0.01
168512472,1756891731545,1756891731649,104,112.02,0.01
168512473,1756891731545,1756891731649,104,112.03,0.780225
168512474,1756891762028,1756891762136,108,112.02,0.900225
168512475,1756891797534,1756891797641,107,112.03,0.178523
168512477,1756891811015,1756891811119,104,112.02,1.966417
168512478,1756891811354,1756891811461,107,112,0.01
168512479,1756891811354,1756891811462,108,112.01,0.015
168512480,1756891811354,1756891811462,108,112.02,0.875225
168512483,1756891811361,1756891811465,104,112.02,3.025
168512484,1756891811361,1756891811466,105,112.03,0.975
168512487,1756891839854,1756891839959,105,112.03,2.402513
168512492,1756891839863,1756891839968,105,112.04,1.551202
168512495,1756891846036,1756891846144,108,112.05,0.749157
168512498,1756891846036,1756891846144,108,112.06,0.151068
168512499,1756891853788,1756891853905,117,112.07,0.011752
168512501,1756891860374,1756891860497,123,112.08,0.0249
168512503,1756891860641,1756891860748,107,112.1,0.900225
168512504,1756891860668,1756891860776,108,112.1,0.900225
168512505,1756891862718,1756891862823,105,112.1,2.315972
168512506,1756891862720,1756891862825,105,112.1,0.900225
168512509,1756891862720,1756891862825,105,112.1,2.165941
168512513,1756891862735,1756891862839,104,112.12,0.086344
168512516,1756891862735,1756891862839,104,112.13,1.513598
168512517,1756891863358,1756891863467,109,112.11,0.156716
168512518,1756891892113,1756891892219,106,112.08,0.172868
168512520,1756891892441,1756891892545,104,112.08,0.894004
168512521,1756891892728,1756891892833,105,112.07,0.01
168512522,1756891895083,1756891895190,107,112.05,0.01
168512523,1756891895398,1756891895504,106,112.04,0.01
168512524,1756891895516,1756891895630,114,112.04,0.780999
168512526,1756891900251,1756891900358,107,112.03,0.1829
168512527,1756891909881,1756891909990,109,112.05,0.738268
168512528,1756891946944,1756891947050,106,112.05,0.081802
168512529,1756891947315,1756891947423,108,112.04,0.982669
168512530,1756891963028,1756891963135,107,112.04,0.172612
168512531,1756891972106,1756891972216,110,112.05,3.468592
168512534,1756891972147,1756891972255,108,112.04,4.478124
168512535,1756891972212,1756891972316,104,112.03,0.01
168512536,1756891981140,1756891981279,139,112.04,1.785969
168512539,1756891992863,1756891992967,104,112.08,0.900225
168512540,1756891993042,1756891993149,107,112.09,54.956
168512541,1756891993576,1756891993683,107,112.08,0.01
168512542,1756891996237,1756891996341,104,112.07,0.412377
168512543,1756892006596,1756892006708,112,112.09,13.3821
168512552,1756892010484,1756892010591,107,112.09,39.510538
168512553,1756892018570,1756892018680,110,112.06,0.172836
168512554,1756892028532,1756892028639,107,112.07,0.050016
168512556,1756892048482,1756892048586,104,112.08,13.556037
168512557,1756892048486,1756892048590,104,112.09,0.015
168512561,1756892048486,1756892048590,104,112.1,0.885225
168512563,1756892048493,1756892048597,104,112.11,2.600017
168512564,1756892048500,1756892048607,107,112.11,1.099906
168512567,1756892058796,1756892058900,104,112.1,10
168512569,1756892065858,1756892065965,107,112.09,0.133809
168512571,1756892068508,1756892068614,106,112.1,0.1
168512573,1756892068508,1756892068614,106,112.1,5.4
168512575,1756892068508,1756892068614,106,112.1,5.4
168512578,1756892068508,1756892068614,106,112.1,2.2
168512579,1756892068508,1756892068617,109,112.1,5.4
168512580,1756892068510,1756892068617,107,112.1,0.900225
168512581,1756892068510,1756892068617,107,112.1,5.410646
168512582,1756892076936,1756892077043,107,112.1,1.776996
168512584,1756892085148,1756892085254,106,112.11,2.482843
168512585,1756892106210,1756892106318,108,112.1,0.057246
168512587,1756892107199,1756892107305,106,112.11,0.900225
168512588,1756892115957,1756892116065,108,112.08,0.1541
168512589,1756892115959,1756892116066,107,112.08,0.000082
168512590,1756892122976,1756892123079,103,112.05,0.01
168512593,1756892122976,1756892123080,104,112.04,13.0676
168512594,1756892126185,1756892126291,106,112.05,0.900225
168512595,1756892159451,1756892159557,106,112.06,0.015
168512598,1756892159451,1756892159557,106,112.07,0.885225
168512599,1756892181360,1756892181467,107,112.05,0.457616
168512602,1756892181360,1756892181467,107,112.06,0.281447
168512603,1756892189971,1756892190076,105,112.04,0.066156
168512604,1756892189972,1756892190076,104,112.03,0.01
168512606,1756892189972,1756892190076,104,112.02,3.44299
168512608,1756892192458,1756892192564,106,112.01,0.18274
168512609,1756892192458,1756892192564,106,112,0.000093
168512610,1756892209572,1756892209685,113,112,0.103377
168512611,1756892234561,1756892234669,108,112,0.4732
168512612,1756892234572,1756892234676,104,112,0.000071
168512614,1756892235288,1756892235404,116,111.99,0.164
168512615,1756892244326,1756892244429,103,111.99,0.000029
168512616,1756892250771,1756892250878,107,111.98,0.1726
168512617,1756892250922,1756892251025,103,111.98,0.000012
168512618,1756892256762,1756892256868,106,111.99,0.900225
168512619,1756892281297,1756892281415,118,111.99,0.015
168512622,1756892281297,1756892281415,118,112,0.200157
168512623,1756892281451,1756892281558,107,111.99,0.016733
168512624,1756892300590,1756892300699,109,111.97,0.177899
168512626,1756892302129,1756892302235,106,111.96,0.256256
168512632,1756892304610,1756892304723,113,111.95,22.94888
168512633,1756892304613,1756892304723,110,111.95,11.244987
168512638,1756892304613,1756892304723,110,111.96,14.835357
168512641,1756892304613,1756892304723,110,111.97,19.826256
168512642,1756892304623,1756892304726,103,111.97,1.5
168512643,1756892305436,1756892305545,109,111.98,0.01
168512644,1756892308873,1756892308979,106,112,0.01
168512645,1756892314114,1756892314220,106,112.02,0.01
168512647,1756892321708,1756892321828,120,112.04,0.5863
168512648,1756892321761,1756892321870,109,112.04,0.000035
168512650,1756892340831,1756892340937,106,112,0.02
168512652,1756892351176,1756892351283,107,112,0.043663
168512653,1756892362783,1756892362889,106,111.98,0.01
168512657,1756892362783,1756892362889,106,111.96,0.045539
168512658,1756892364734,1756892364841,107,111.96,0.129973
168512660,1756892401374,1756892401485,111,111.94,0.58633
168512661,1756892402991,1756892403096,105,111.94,0.000005
168512663,1756892410310,1756892410416,106,111.93,0.117178
168512665,1756892413032,1756892413135,103,111.92,0.164611
168512668,1756892413043,1756892413146,103,111.9,0.22
168512669,1756892413043,1756892413146,103,111.89,0.59281
168512671,1756892425029,1756892425140,111,111.91,0.376662
168512672,1756892470317,1756892470424,107,111.95,0.01
168512674,1756892470943,1756892471046,103,111.96,0.182671
168512676,1756892470943,1756892471046,103,111.97,0.025
168512677,1756892470943,1756892471046,103,111.98,0.59312
168512679,1756892482916,1756892483056,140,111.99,3.461758
168512683,1756892482935,1756892483077,142,111.99,18.435947
168512684,1756892485932,1756892486036,104,111.99,1.265087
168512685,1756892487915,1756892488021,106,111.99,0.101699
168512686,1756892491181,1756892491284,103,111.99,5.0385
168512687,1756892499113,1756892499219,106,112,0.173023
168512693,1756892499113,1756892499219,106,112.02,14.646977
168512694,1756892500116,1756892500219,103,111.99,0.3
168512696,1756892525453,1756892525617,164,111.96,0.183
168512697,1756892526882,1756892526988,106,111.96,0.000023
168512699,1756892532676,1756892532784,108,111.94,0.411396
168512700,1756892553183,1756892553286,103,111.93,0.057581
168512701,1756892556854,1756892556957,103,111.95,0.195136
168512702,1756892558165,1756892558268,103,111.94,6.664159
168512704,1756892564659,1756892564763,104,111.93,0.446387
168512705,1756892574704,1756892574812,108,111.93,1.95982
168512706,1756892577404,1756892577510,106,111.93,0.000002
168512710,1756892577404,1756892577510,106,111.92,0.8234
168512713,1756892592785,1756892592890,105,111.9,0.036166
168512714,1756892598918,1756892599020,102,111.9,0.057581
168512715,1756892614443,1756892614553,110,111.9,0.05899
168512717,1756892615593,1756892615699,106,111.92,0.187544
168512718,1756892637007,1756892637114,107,111.93,3.434602
168512721,1756892637007,1756892637114,107,111.92,3.825398
168512724,1756892637007,1756892637114,107,111.92,3.41
168512725,1756892637007,1756892637115,108,111.92,3.47
168512726,1756892637009,1756892637115,106,111.92,0.49755
168512730,1756892637009,1756892637115,106,111.91,10.213973
168512731,1756892641809,1756892641924,115,111.9,0.173019
168512733,1756892641899,1756892642002,103,111.88,0.02
168512735,1756892653602,1756892653704,102,111.87,0.65198
168512736,1756892653618,1756892653721,103,111.87,0.000007
168512738,1756892657243,1756892657349,106,111.86,0.1645
168512739,1756892667705,1756892667807,102,111.87,0.054642
168512741,1756892685287,1756892685392,105,111.87,11
168512742,1756892688630,1756892688735,105,111.89,0.015
168512743,1756892694432,1756892694539,107,111.91,0.3475
168512744,1756892694432,1756892694540,108,111.91,0.2295
168512745,1756892694434,1756892694540,106,111.91,0.000054
168512748,1756892694436,1756892694544,108,111.92,1.577633
168512750,1756892700434,1756892700542,108,111.94,0.183
168512751,1756892700450,1756892700552,102,111.94,0.000052
168512753,1756892701506,1756892701609,103,111.95,8.39251
168512754,1756892716923,1756892717029,106,111.94,0.03
168512756,1756892716923,1756892717029,106,111.93,0.704963
168512757,1756892738177,1756892738282,105,111.92,0.173052
168512758,1756892747400,1756892747505,105,111.9,0.01
168512761,1756892747400,1756892747506,106,111.88,0.055
168512762,1756892747400,1756892747506,106,111.87,0.53491
168512770,1756892748449,1756892748555,106,111.86,25.280102
168512777,1756892748449,1756892748555,106,111.85,31.972092
168512780,1756892748449,1756892748555,106,111.84,3.53783
168512781,1756892751554,1756892751660,106,111.88,3.24733
168512787,1756892751554,1756892751660,106,111.87,21.293677
168512796,1756892751554,1756892751660,106,111.86,21.363676
168512799,1756892751554,1756892751660,106,111.85,10.209186
168512802,1756892760366,1756892760470,104,111.88,10.07736
168512805,1756892760529,1756892760636,107,111.9,0.197923
168512806,1756892760529,1756892760636,107,111.91,0.702302
168512810,1756892760536,1756892760639,103,111.91,24.035323
168512814,1756892760570,1756892760675,105,111.92,1.535
168512816,1756892773711,1756892773816,105,111.94,0.183
168512817,1756892773713,1756892773817,104,111.94,0.000084
168512818,1756892783455,1756892783557,102,111.95,0.540121
168512819,1756892797692,1756892797804,112,111.96,0.01
168512820,1756892797692,1756892797804,112,111.97,0.09
168512821,1756892799153,1756892799259,106,111.97,0.384405
168512822,1756892803982,1756892804089,107,111.96,0.065488
168512823,1756892803982,1756892804089,107,111.94,0.01
168512824,1756892803982,1756892804089,107,111.93,0.026793
168512825,1756892837755,1756892837858,103,111.92,0.034617
168512826,1756892859649,1756892859756,107,111.97,0.374589
168512828,1756892882628,1756892882741,113,111.96,0.025
168512830,1756892889021,1756892889123,102,111.98,0.183058
168512831,1756892894673,1756892894780,107,112,0.01
168512833,1756892898064,1756892898178,114,112.02,0.183
168512834,1756892898064,1756892898199,135,112.02,0.000026
168512836,1756892898068,1756892898199,131,112.04,3.246886
168512838,1756892898078,1756892898248,170,112.05,4.294408
168512839,1756892904697,1756892904806,109,112.05,7.2
168512841,1756892905982,1756892906084,102,112.05,7.26472
168512847,1756892911574,1756892911680,106,112.05,20.92136
168512848,1756892918159,1756892918262,103,112.05,0.06472
168512849,1756892925868,1756892925973,105,112.05,1
168512850,1756892929967,1756892930072,105,112.06,0.052368
168512851,1756892941582,1756892941687,105,112.06,0.524279
168512853,1756892941595,1756892941697,102,112.08,0.800451
168512854,1756892973312,1756892973427,115,112.05,3.211228
168512860,1756892973317,1756892973440,123,112.04,6.892688
168512861,1756892973324,1756892973452,128,112.04,4.447055
168512863,1756892974556,1756892974662,106,112.03,9.50203
168512864,1756892978077,1756892978183,106,112.03,0.900225
168512865,1756892982028,1756892982130,102,112.03,0.026191
168512867,1756892992239,1756892992346,107,112.02,0.085702
168512870,1756893009203,1756893009316,113,112.04,0.900225
168512873,1756893015745,1756893015850,105,112,0.834878
168512874,1756893020372,1756893020478,106,111.99,0.064275
168512876,1756893031004,1756893031108,104,111.98,0.11733
168512877,1756893031005,1756893031108,103,111.98,0.117329
168512882,1756893033522,1756893033627,105,111.98,17.026649
168512883,1756893036072,1756893036178,106,111.99,0.900225
168512884,1756893050091,1756893050199,108,111.97,0.173026
168512887,1756893050091,1756893050199,108,111.96,0.398809
168512888,1756893058338,1756893058443,105,111.96,0.036612
168512889,1756893058340,1756893058444,104,111.96,0.036611
168512890,1756893066249,1756893066354,105,111.97,1.89117
168512891,1756893071026,1756893071137,111,111.98,0.900225
168512893,1756893077047,1756893077152,105,111.98,0.237587
168512894,1756893083799,1756893083953,154,111.97,0.011067
168512895,1756893083800,1756893083953,153,111.97,0.019967
168512896,1756893085988,1756893086102,114,111.98,0.443064
168512897,1756893092026,1756893092129,103,111.97,0.024299
168512899,1756893092090,1756893092191,101,111.96,0.109835
168512901,1756893092564,1756893092670,106,111.94,0.02
168512903,1756893092564,1756893092670,106,111.93,0.247642
168512904,1756893094592,1756893094695,103,111.94,0.311888
168512906,1756893116961,1756893117066,105,111.94,3.39461
168512908,1756893116961,1756893117066,105,111.95,2.880273
168512909,1756893147016,1756893147121,105,111.97,0.102922
168512912,1756893147016,1756893147121,105,111.98,0.023393
168512913,1756893147162,1756893147267,105,111.97,0.220727
168512914,1756893158710,1756893158813,103,111.95,0.057626
168512915,1756893158710,1756893158813,103,111.96,0.01
168512916,1756893158710,1756893158813,103,111.97,0.01362
168512917,1756893162410,1756893162516,106,111.96,3.397339
168512918,1756893165396,1756893165501,105,111.97,0.900225
168512919,1756893165397,1756893165502,105,111.97,0.900225
168512920,1756893166529,1756893166637,108,111.96,0.098836
168512921,1756893167156,1756893167261,105,111.97,12.43565
168512922,1756893167474,1756893167579,105,111.98,0.01
168512923,1756893167474,1756893167579,105,111.99,0.015
168512924,1756893167474,1756893167579,105,112,0.086138
168512925,1756893169547,1756893169658,111,111.98,0.53556
168512926,1756893179183,1756893179299,116,111.96,0.53556
168512930,1756893195051,1756893195157,106,112,0.934294
168512932,1756893212319,1756893212425,106,112.02,0.018835
168512934,1756893226087,1756893226191,104,112.02,0.948764
168512936,1756893245437,1756893245540,103,112.04,0.586666
168512937,1756893245437,1756893245540,103,112.05,0.489072
168512938,1756893256805,1756893256908,103,112.05,0.900225
168512939,1756893262103,1756893262208,105,112.05,0.1729
168512940,1756893262115,1756893262217,102,112.05,0.000025
168512944,1756893263490,1756893263595,105,112.05,0.7
168512945,1756893267145,1756893267250,105,112.06,0.01
168512946,1756893267513,1756893267619,106,112.06,0.635788
168512947,1756893275032,1756893275137,105,112.07,0.099
168512949,1756893275032,1756893275137,105,112.08,0.02
168512951,1756893275032,1756893275137,105,112.09,0.581071
168512952,1756893296082,1756893296184,102,112.08,0.211326
168512953,1756893303385,1756893303487,102,112.09,0.172861
168512955,1756893303393,1756893303495,102,112.1,0.02
168512959,1756893303393,1756893303495,102,112.12,0.780049
168512960,1756893303394,1756893303496,102,112.12,0.500352
168512961,1756893310988,1756893311090,102,112.12,0.01
168512962,1756893312570,1756893312675,105,112.12,0.13
168512964,1756893319120,1756893319225,105,112.13,3.323964
168512970,1756893319120,1756893319225,105,112.14,16.453339
168512971,1756893329489,1756893329593,104,112.15,0.296032
168512972,1756893333605,1756893333712,107,112.15,0.237817
168512973,1756893358530,1756893358635,105,112.16,0.056676
168512974,1756893364177,1756893364288,111,112.16,0.078198
168512975,1756893369344,1756893369452,108,112.12,0.1729
168512976,1756893370784,1756893370889,105,112.12,0.309828
168512978,1756893372585,1756893372686,101,112.12,0.5689
168512979,1756893372593,1756893372695,102,112.12,0.000053
168512983,1756893380498,1756893380602,104,112.16,0.900225
168512984,1756893381463,1756893381565,102,112.16,0.131473
168512987,1756893396221,1756893396342,121,112.17,0.900225
168512988,1756893396326,1756893396549,223,112.17,0.3387
168512989,1756893397793,1756893397902,109,112.17,0.00004
168512990,1756893406015,1756893406123,108,112.17,0.558392
168512992,1756893409038,1756893409144,106,112.18,0.182722
168512995,1756893409038,1756893409144,106,112.19,2.119875
168512996,1756893424147,1756893424249,102,112.17,0.153822
168512997,1756893424147,1756893424249,102,112.18,0.01
168512998,1756893424147,1756893424249,102,112.19,0.636299
168512999,1756893424515,1756893424618,103,112.18,0.01
168513000,1756893435674,1756893435775,101,112.19,0.04
168513001,1756893439123,1756893439225,102,112.19,0.029536
168513002,1756893446312,1756893446416,104,112.18,0.900225
168513003,1756893464919,1756893465029,110,112.18,0.066843
168513004,1756893478573,1756893478675,102,112.18,0.02
168513005,1756893493786,1756893493890,104,112.2,0.500125
168513006,1756893498348,1756893498453,105,112.19,0.03626
168513014,1756893500763,1756893500868,105,112.2,0.782721
168513016,1756893500763,1756893500868,105,112.21,0.117504
168513017,1756893506865,1756893506969,104,112.21,0.027303
168513024,1756893507023,1756893507125,102,112.22,0.1773
168513025,1756893507024,1756893507126,102,112.22,0.000084
168513030,1756893510794,1756893510899,105,112.23,0.5006
168513031,1756893510796,1756893510900,104,112.23,0.000095
168513033,1756893510802,1756893510906,104,112.24,0.068
168513034,1756893511376,1756893511479,103,112.25,0.435774
168513037,1756893511583,1756893511685,102,112.24,15.48953
168513048,1756893511583,1756893511685,102,112.23,24.456912
168513050,1756893511583,1756893511685,102,112.22,4.743569
168513051,1756893512753,1756893512864,111,112.24,0.6037
168513060,1756893512814,1756893512915,101,112.25,3.8327
168513061,1756893514206,1756893514311,105,112.25,0.000039
168513066,1756893515791,1756893515913,122,112.26,0.5028
168513067,1756893515791,1756893515914,123,112.26,0.000074
168513075,1756893521212,1756893521316,104,112.27,1.275523
168513078,1756893521223,1756893521326,103,112.28,0.071161
168513080,1756893525067,1756893525172,105,112.28,0.900225
168513082,1756893528719,1756893528826,107,112.28,19.361941
168513092,1756893528719,1756893528826,107,112.29,19.668838
168513108,1756893528719,1756893528826,107,112.3,35.431536
168513126,1756893528719,1756893528826,107,112.31,63.666165
168513140,1756893528719,1756893528826,107,112.32,72.717262
168513153,1756893528719,1756893528826,107,112.33,55.224501
168513163,1756893528719,1756893528826,107,112.34,90.058286
168513164,1756893528733,1756893528837,104,112.31,0.044519
168513165,1756893528814,1756893528919,105,112.3,0.1078
168513166,1756893530079,1756893530187,108,112.27,0.0777
168513167,1756893534447,1756893534552,105,112.27,0.09999
168513170,1756893539116,1756893539221,105,112.29,2.4046
168513171,1756893545064,1756893545168,104,112.29,0.015
168513174,1756893545064,1756893545168,104,112.3,0.0599
168513175,1756893553054,1756893553160,106,112.31,0.999474
168513178,1756893566653,1756893566758,105,112.32,0.17242
168513180,1756893566653,1756893566759,106,112.33,0.727805
168513181,1756893572193,1756893572294,101,112.31,0.447667
168513182,1756893572193,1756893572295,102,112.32,0.452558
168513183,1756893582136,1756893582245,109,112.32,1.868
168513184,1756893584783,1756893584888,105,112.32,1.8045
168513185,1756893602186,1756893602288,102,112.32,0.017806
168513186,1756893605596,1756893605697,101,112.31,1.780626
168513188,1756893607840,1756893607945,105,112.3,1.780626
168513189,1756893609679,1756893609783,104,112.33,0.015
168513192,1756893609679,1756893609784,105,112.34,0.785225
168513193,1756893609962,1756893610064,102,112.33,0.761048
168513198,1756893610298,1756893610403,105,112.34,0.900225
168513199,1756893610304,1756893610408,104,112.34,0.025781
168513206,1756893610304,1756893610408,104,112.35,0.67417
168513207,1756893610308,1756893610410,102,112.35,1.100053
168513208,1756893615739,1756893615846,107,112.35,0.900225
168513209,1756893615739,1756893615846,107,112.35,0.900225
168513210,1756893615739,1756893615846,107,112.35,0.900225
168513211,1756893615739,1756893615846,107,112.35,0.900225
168513212,1756893615739,1756893615846,107,112.35,0.900225
168513213,1756893615739,1756893615846,107,112.35,0.900225
168513214,1756893615739,1756893615846,107,112.35,0.900225
168513215,1756893615739,1756893615846,107,112.35,0.900225
168513216,1756893615739,1756893615846,107,112.35,0.900225
168513217,1756893615739,1756893615846,107,112.35,0.900225
168513218,1756893615739,1756893615846,107,112.35,0.900225
168513219,1756893615740,1756893615846,106,112.35,0.900225
168513220,1756893615740,1756893615846,106,112.35,0.900225
168513221,1756893615740,1756893615846,106,112.35,0.900225
168513222,1756893615740,1756893615846,106,112.35,0.900225
168513223,1756893615740,1756893615846,106,112.35,0.900225
168513224,1756893615745,1756893615847,102,112.35,0.900225
168513225,1756893615746,1756893615847,101,112.35,0.900225
168513226,1756893615746,1756893615847,101,112.35,0.900225
168513227,1756893615746,1756893615847,101,112.35,0.900225
168513229,1756893615746,1756893615847,101,112.35,0.567455
168513231,1756893615746,1756893615848,102,112.36,0.33277
168513232,1756893641085,1756893641193,108,112.35,0.017915
168513233,1756893645099,1756893645204,105,112.34,0.57666
168513234,1756893650528,1756893650638,110,112.34,0.000006
168513235,1756893659784,1756893659928,144,112.32,0.577
168513236,1756893659786,1756893659928,142,112.32,0.000054
168513237,1756893665063,1756893665164,101,112.31,0.0749
168513239,1756893668405,1756893668510,105,112.3,0.588
168513240,1756893669152,1756893669254,102,112.3,0.000067
168513242,1756893669572,1756893669673,101,112.28,0.02
168513243,1756893669572,1756893669673,101,112.27,0.087349
168513244,1756893671498,1756893671604,106,112.28,0.222675
168513245,1756893671502,1756893671607,105,112.29,0.900225
168513246,1756893709838,1756893709942,104,112.29,0.061872
168513247,1756893709838,1756893709942,104,112.28,0.01
168513248,1756893722380,1756893722481,101,112.29,0.900225
168513251,1756893727036,1756893727173,137,112.3,4.51
168513253,1756893727040,1756893727187,147,112.31,0.900225
168513254,1756893727040,1756893727189,149,112.31,0.900225
168513255,1756893727041,1756893727198,157,112.31,0.900225
168513256,1756893727044,1756893727199,155,112.31,0.900225
168513257,1756893727046,1756893727208,162,112.31,0.900225
168513258,1756893727046,1756893727208,162,112.31,0.900225
168513259,1756893740301,1756893740403,102,112.3,1.172741
168513260,1756893751379,1756893751480,101,112.3,0.769761
168513261,1756893752482,1756893752584,102,112.3,0.057626
168513262,1756893755016,1756893755117,101,112.27,0.1126
168513263,1756893755082,1756893755184,102,112.27,0.000051
168513265,1756893755474,1756893755579,105,112.26,0.02
168513267,1756893756456,1756893756560,104,112.24,0.02
168513268,1756893756461,1756893756562,101,112.22,0.745854
168513271,1756893757155,1756893757263,108,112.22,0.15
168513272,1756893757181,1756893757282,101,112.22,0.113
168513273,1756893757201,1756893757304,103,112.22,0.15
168513274,1756893757400,1756893757502,102,112.22,0.13
168513275,1756893759271,1756893759377,106,112.22,0.054108
168513278,1756893759271,1756893759377,106,112.2,0.848839
168513279,1756893762789,1756893762890,101,112.21,0.445632
168513282,1756893783203,1756893783309,106,112.18,15.0052
168513283,1756893786910,1756893787012,102,112.19,0.57643
168513284,1756893786910,1756893787012,102,112.19,0.000001
168513286,1756893797017,1756893797122,105,112.21,0.200947
168513287,1756893797017,1756893797122,105,112.2,0.01
168513288,1756893797017,1756893797122,105,112.19,0.68009
168513289,1756893816157,1756893816262,105,112.19,0.154561
168513292,1756893823562,1756893823666,104,112.17,1.150661
168513293,1756893824910,1756893825014,104,112.16,0.01
168513294,1756893825113,1756893825215,102,112.15,0.01
168513295,1756893825113,1756893825215,102,112.14,0.03
168513297,1756893825113,1756893825215,102,112.13,0.025
168513301,1756893825113,1756893825215,102,112.12,0.205857
168513302,1756893825218,1756893825323,105,112.14,0.01
168513303,1756893825218,1756893825323,105,112.15,0.12375
168513304,1756893825314,1756893825417,103,112.13,0.271024
168513305,1756893825377,1756893825481,104,112.14,0.267522
168513306,1756893827163,1756893827271,108,112.12,0.01
168513307,1756893827163,1756893827271,108,112.1,1.376
168513308,1756893831853,1756893831957,104,112.1,1.459054
168513309,1756893836568,1756893836673,105,112.1,0.205
168513310,1756893850474,1756893850581,107,112.11,0.525628
168513311,1756893850474,1756893850581,107,112.11,0.050272
168513312,1756893863833,1756893863937,104,112.11,0.154992
168513313,1756893863833,1756893863937,104,112.1,0.03
168513315,1756893863833,1756893863937,104,112.09,0.832431
168513316,1756893868101,1756893868206,105,112.1,0.209358
168513317,1756893868792,1756893868899,107,112.12,0.099001
168513318,1756893869348,1756893869451,103,112.09,0.100233
168513319,1756893876985,1756893877088,103,112.09,0.475667
168513322,1756893876985,1756893877088,103,112.08,0.416511
168513323,1756893882049,1756893882150,101,112.07,0.01
168513325,1756893882051,1756893882159,108,112.06,3.134558
168513327,1756893887946,1756893888048,102,112.08,0.900225
168513329,1756893913112,1756893913216,104,112.07,3.508879
168513330,1756893919322,1756893919426,104,112.09,0.57564
168513331,1756893927416,1756893927524,108,112.11,0.01
168513332,1756893947641,1756893947746,105,112.12,0.05234
168513333,1756893948215,1756893948319,104,112.11,0.057918
168513334,1756893948304,1756893948409,105,112.11,1.79998
168513335,1756893948311,1756893948412,101,112.11,1.800009
168513336,1756893948317,1756893948418,101,112.11,5.323161
168513337,1756893955497,1756893955598,101,112.1,0.231839
168513338,1756893960255,1756893960360,105,112.1,0.892061
168513340,1756893978021,1756893978123,102,112.08,0.254992
168513341,1756893978637,1756893978743,106,112.07,0.01
168513342,1756893982263,1756893982367,104,112.05,0.429464
168513344,1756893989176,1756893989277,101,112.05,0.142014
168513346,1756893994873,1756893994977,104,112.03,0.58564
168513347,1756893998387,1756893998488,101,112.01,0.01
168513350,1756893998543,1756893998644,101,112,1.481863
168513352,1756893999584,1756893999695,111,111.99,0.022629
168513355,1756893999584,1756893999695,111,111.98,0.035352
168513358,1756893999584,1756893999695,111,111.97,0.212628
168513360,1756893999637,1756893999741,104,111.97,6.13209
168513361,1756894008358,1756894008465,107,111.98,1.786033
168513362,1756894008575,1756894008686,111,111.96,0.267952
168513363,1756894026833,1756894026940,107,111.97,0.574672
168513364,1756894039325,1756894039431,106,112.01,0.01
168513369,1756894041497,1756894041603,106,112.02,27.360822
168513380,1756894041497,1756894041604,107,112.01,28.725979
168513391,1756894041497,1756894041604,107,112,32.208858
168513392,1756894052352,1756894052457,105,112.01,3.07145
168513393,1756894052354,1756894052457,103,112.02,0.900225
168513396,1756894052876,1756894052978,102,112.03,0.900225
168513397,1756894060485,1756894060591,106,112.03,0.883691
168513398,1756894081016,1756894081118,102,112.04,0.900225
168513399,1756894091930,1756894092033,103,112.05,0.01
168513400,1756894096294,1756894096399,105,112.07,0.01
168513403,1756894099037,1756894099142,105,112.08,11.45207
168513413,1756894099037,1756894099143,106,112.07,21.20349
168513415,1756894099037,1756894099143,106,112.06,10.145832
168513417,1756894105662,1756894105777,115,112.09,0.535564
168513419,1756894113846,1756894113948,102,112.06,3.793908
168513420,1756894116460,1756894116567,107,112.07,2.481726
168513421,1756894130680,1756894130785,105,112.07,4.460908
168513428,1756894130680,1756894130785,105,112.06,16.868667
168513435,1756894130680,1756894130785,105,112.05,22.801835
168513446,1756894130680,1756894130785,105,112.04,68.202639
168513456,1756894130680,1756894130785,105,112.03,63.006085
168513463,1756894130680,1756894130785,105,112.02,25.552704
168513464,1756894130956,1756894131061,105,112.05,0.360827
168513465,1756894143216,1756894143318,102,112.09,0.015
168513466,1756894143216,1756894143318,102,112.1,0.885225
168513467,1756894143217,1756894143318,101,112.1,0.900225
168513469,1756894152129,1756894152231,102,112.1,3.122212
168513471,1756894170426,1756894170528,102,112.04,0.585488
168513472,1756894170721,1756894170826,105,112.03,1.333413
168513473,1756894176268,1756894176375,107,112.03,0.172722
168513475,1756894178135,1756894178240,105,112.02,0.182828
168513479,1756894199886,1756894199991,105,112,7.704338
168513480,1756894199897,1756894199999,102,112,10.209774
168513481,1756894204001,1756894204104,103,112.04,0.099071
168513483,1756894206598,1756894206704,106,112.05,0.025
168513484,1756894206598,1756894206704,106,112.06,0.875225
168513485,1756894207825,1756894207930,105,112.04,0.077886
168513486,1756894212753,1756894212860,107,112.06,0.900225
168513487,1756894212788,1756894212890,102,112.07,0.20005
168513488,1756894221365,1756894221466,101,112.06,0.291485
168513489,1756894230729,1756894230844,115,112.05,0.065974
168513491,1756894230731,1756894230844,113,112.04,1.491613
168513492,1756894234999,1756894235104,105,112.03,0.172923
168513493,1756894235223,1756894235325,102,112.02,0.01
168513495,1756894236869,1756894236974,105,112.01,0.298459
168513497,1756894236914,1756894237016,102,112,0.02
168513499,1756894250225,1756894250327,102,111.98,0.183088
168513501,1756894250225,1756894250327,102,111.96,0.02
168513503,1756894250225,1756894250327,102,111.95,0.596886
168513504,1756894266627,1756894266734,107,111.96,3.37961
168513507,1756894270042,1756894270153,111,111.98,13.937994
168513512,1756894270042,1756894270153,111,111.97,14.626582
168513519,1756894270042,1756894270153,111,111.96,14.982045
168513523,1756894270042,1756894270153,111,111.95,6.453379
168513524,1756894280036,1756894280138,102,111.99,0.015
168513527,1756894280036,1756894280138,102,112,0.885225
168513528,1756894305747,1756894305859,112,111.97,0.446739
168513529,1756894305747,1756894305859,112,111.97,0.128678
168513530,1756894305747,1756894305859,112,111.98,0.01
168513531,1756894305747,1756894305859,112,111.99,0.308061
168513532,1756894305747,1756894305859,112,111.99,0.446739
168513533,1756894305748,1756894305859,111,111.99,0.446739
168513534,1756894305748,1756894305859,111,111.99,0.446739
168513535,1756894305751,1756894305859,108,111.99,0.015
168513536,1756894305751,1756894305859,108,112,0.785492
168513537,1756894308519,1756894308624,105,111.98,0.999
168513539,1756894324039,1756894324143,104,111.99,0.1834
168513540,1756894332957,1756894333062,105,112,0.900225
168513541,1756894334310,1756894334412,102,112.01,0.01
168513542,1756894334310,1756894334412,102,112.02,0.89051
168513543,1756894334312,1756894334414,102,112.02,0.50009
168513545,1756894341284,1756894341387,103,112.03,0.025
168513546,1756894341284,1756894341387,103,112.04,0.875225
168513547,1756894341284,1756894341387,103,112.04,0.900225
168513548,1756894383643,1756894383747,104,112.04,0.900225
168513549,1756894392249,1756894392361,112,112.05,0.01
168513552,1756894392249,1756894392361,112,112.06,3.201984
168513558,1756894392253,1756894392373,120,112.07,13.366806
168513560,1756894403213,1756894403319,106,112.06,0.23255
168513561,1756894403215,1756894403319,104,112.06,0.000006
168513563,1756894403345,1756894403447,102,112.04,0.800107
168513564,1756894403355,1756894403457,102,112.05,1.2776
168513567,1756894403355,1756894403457,102,112.05,10.8
168513569,1756894403367,1756894403471,104,112.06,0.025
168513571,1756894410697,1756894410804,107,112.08,0.266646
168513572,1756894417763,1756894417869,106,112.09,0.01
168513574,1756894417763,1756894417870,107,112.1,0.890225
168513575,1756894417764,1756894417870,106,112.1,0.900225
168513576,1756894424737,1756894424846,109,112.09,0.576234
168513578,1756894437381,1756894437487,106,112.1,0.891168
168513580,1756894449425,1756894449532,107,112.11,0.3
168513581,1756894472317,1756894472420,103,112.11,0.015
168513582,1756894472317,1756894472420,103,112.12,0.885225
168513583,1756894478732,1756894478838,106,112.1,0.046338
168513584,1756894497496,1756894497602,106,112.12,0.061435
168513586,1756894497496,1756894497602,106,112.13,0.025
168513587,1756894497496,1756894497602,106,112.14,0.713683
168513588,1756894497500,1756894497604,104,112.14,0.800106
168513590,1756894502840,1756894502959,119,112.14,2.799554
168513591,1756894502841,1756894502959,118,112.14,2.799304
168513592,1756894506396,1756894506499,103,112.12,0.1734
168513593,1756894513368,1756894513470,102,112.12,0.000084
168513595,1756894517693,1756894517798,105,112.14,0.025
168513597,1756894517693,1756894517798,105,112.15,0.275075
168513598,1756894522677,1756894522795,118,112.13,0.1734
168513600,1756894525768,1756894525874,106,112.13,0.333812
168513601,1756894538350,1756894538456,106,112.17,0.445942
168513603,1756894538350,1756894538456,106,112.17,0.128034
168513604,1756894538350,1756894538456,106,112.18,0.01
168513607,1756894538350,1756894538456,106,112.19,0.307908
168513608,1756894538351,1756894538456,105,112.19,0.445942
168513609,1756894538351,1756894538457,106,112.19,0.445942
168513610,1756894538352,1756894538457,105,112.19,0.445942
168513611,1756894539829,1756894539934,105,112.2,0.900225
168513612,1756894542274,1756894542377,103,112.2,0.007135
168513614,1756894544834,1756894544937,103,112.21,0.587161
168513615,1756894545688,1756894545790,102,112.22,0.01
168513616,1756894551531,1756894551633,102,112.22,5.3
168513618,1756894551798,1756894551902,104,112.2,2.81
168513619,1756894556363,1756894556466,103,112.19,0.315754
168513621,1756894556760,1756894556863,103,112.19,1.741
168513622,1756894556834,1756894556938,104,112.19,0.000039
168513624,1756894557156,1756894557259,103,112.18,0.02
168513625,1756894557156,1756894557259,103,112.17,0.5822
168513626,1756894557340,1756894557446,106,112.17,0.8976
168513627,1756894557724,1756894557829,105,112.17,0.000096
168513629,1756894557990,1756894558097,107,112.17,0.723256
168513630,1756894560211,1756894560325,114,112.16,0.01
168513632,1756894562202,1756894562305,103,112.14,0.163822
168513634,1756894562202,1756894562305,103,112.13,1.494797
168513635,1756894564621,1756894564742,121,112.15,0.900225
168513636,1756894564624,1756894564743,119,112.15,0.900225
168513638,1756894564628,1756894564743,115,112.15,0.11784
168513639,1756894564628,1756894564743,115,112.16,0.782385
168513640,1756894564630,1756894564743,113,112.16,0.900225
168513641,1756894564654,1756894564760,106,112.16,0.900225
168513642,1756894564655,1756894564760,105,112.16,0.900225
168513643,1756894564656,1756894564760,104,112.16,0.900225
168513644,1756894564720,1756894564826,106,112.16,0.900225
168513645,1756894564720,1756894564826,106,112.16,0.900225
168513646,1756894564721,1756894564826,105,112.16,0.900225
168513649,1756894564724,1756894564828,104,112.16,0.14104
168513650,1756894564724,1756894564828,104,112.17,0.759185
168513652,1756894564764,1756894564870,106,112.17,0.900225
168513653,1756894565713,1756894565815,102,112.17,0.248744
168513654,1756894567623,1756894567728,105,112.17,0.015
168513655,1756894567623,1756894567728,105,112.18,0.885225
168513656,1756894567623,1756894567728,105,112.18,0.900225
168513657,1756894568852,1756894568958,106,112.18,0.900225
168513660,1756894572625,1756894572727,102,112.19,0.198264
168513661,1756894572625,1756894572727,102,112.2,0.701961
168513662,1756894572625,1756894572727,102,112.2,0.900225
168513664,1756894572921,1756894573023,102,112.2,0.025
168513665,1756894572923,1756894573026,103,112.21,0.872946
168513666,1756894572923,1756894573026,103,112.21,0.980486
168513667,1756894572923,1756894573026,103,112.21,1.158755
168513668,1756894582983,1756894583086,103,112.21,0.01
168513669,1756894582983,1756894583086,103,112.22,0.01
168513670,1756894582983,1756894583086,103,112.23,0.01
168513671,1756894582983,1756894583086,103,112.24,5.38
168513672,1756894584035,1756894584143,108,112.22,0.01
168513674,1756894584035,1756894584143,108,112.24,4.63
168513675,1756894609011,1756894609114,103,112.24,0.056413
168513676,1756894612431,1756894612543,112,112.21,1.479369
168513678,1756894612431,1756894612543,112,112.2,3.080724
168513679,1756894615530,1756894615634,104,112.19,0.01
168513680,1756894615555,1756894615657,102,112.18,0.01
168513681,1756894615555,1756894615657,102,112.17,0.01
168513682,1756894615555,1756894615657,102,112.16,0.780113
168513683,1756894622454,1756894622563,109,112.19,0.015
168513684,1756894622454,1756894622563,109,112.2,0.885225
168513685,1756894622454,1756894622563,109,112.2,0.900225
168513686,1756894649579,1756894649682,103,112.19,0.1
168513687,1756894649579,1756894649682,103,112.19,5
168513688,1756894649579,1756894649682,103,112.2,0.4
168513689,1756894649579,1756894649682,103,112.2,0.900225
168513690,1756894649579,1756894649682,103,112.2,2.2
168513692,1756894656845,1756894656951,106,112.21,0.174914
168513693,1756894658811,1756894658917,106,112.2,0.033467
168513694,1756894662021,1756894662124,103,112.21,0.412528
168513695,1756894667821,1756894667927,106,112.22,0.18059
168513697,1756894668599,1756894668705,106,112.23,0.183125
168513698,1756894669944,1756894670050,106,112.24,0.01
168513699,1756894684982,1756894685088,106,112.23,0.052324
168513700,1756894692888,1756894692991,103,112.25,0.01
168513702,1756894692888,1756894692991,103,112.26,10.01
168513703,1756894700384,1756894700486,102,112.27,0.531484
168513706,1756894700386,1756894700489,103,112.27,0.212834
168513707,1756894726648,1756894726754,106,112.28,0.900225
168513710,1756894729165,1756894729274,109,112.27,6.679878
168513711,1756894729198,1756894729302,104,112.27,0.089101
168513712,1756894729471,1756894729578,107,112.27,0.240499
168513713,1756894731732,1756894731838,106,112.26,1.9
168513714,1756894733574,1756894733680,106,112.25,0.79183
168513716,1756894733575,1756894733680,105,112.25,0.860104
168513717,1756894748520,1756894748626,106,112.24,5.3
168513719,1756894748664,1756894748767,103,112.23,4.412812
168513720,1756894750604,1756894750714,110,112.23,0.900225
168513721,1756894750611,1756894750719,108,112.23,0.900225
168513722,1756894755111,1756894755223,112,112.24,0.015
168513725,1756894755111,1756894755223,112,112.25,0.885225
168513726,1756894755114,1756894755223,109,112.25,0.900225
168513727,1756894759510,1756894759617,107,112.25,0.900225
168513728,1756894759512,1756894759626,114,112.25,0.900225
168513729,1756894774474,1756894774580,106,112.27,0.01
168513730,1756894774845,1756894774951,106,112.28,0.140365
168513731,1756894776009,1756894776116,107,112.28,2.2
168513732,1756894776010,1756894776116,106,112.28,0.900225
168513733,1756894776012,1756894776116,104,112.28,0.900225
168513735,1756894776012,1756894776116,104,112.28,5.061755
168513737,1756894776013,1756894776116,103,112.29,0.3884
168513738,1756894776013,1756894776116,103,112.3,0.502611
168513739,1756894776013,1756894776117,104,112.3,0.900225
168513740,1756894776015,1756894776117,102,112.3,0.900225
168513741,1756894776015,1756894776118,103,112.3,0.891011
168513742,1756894776018,1756894776126,108,112.3,0.891011
168513743,1756894776026,1756894776130,104,112.3,0.900225
168513744,1756894776026,1756894776130,104,112.3,0.900225
168513745,1756894776029,1756894776131,102,112.3,0.900225
168513746,1756894776032,1756894776135,103,112.3,0.623708
168513747,1756894776047,1756894776150,103,112.3,0.267303
168513749,1756894787542,1756894787646,104,112.29,4.971706
168513750,1756894813538,1756894813644,106,112.28,2.743055
168513751,1756894817736,1756894817841,105,112.3,0.900225
168513752,1756894820074,1756894820182,108,112.29,0.091615
168513753,1756894825263,1756894825375,112,112.3,0.900225
168513754,1756894825263,1756894825375,112,112.3,0.900225
168513755,1756894825263,1756894825375,112,112.3,0.900225
168513756,1756894825263,1756894825375,112,112.3,0.900225
168513757,1756894825263,1756894825375,112,112.3,0.900225
168513758,1756894825263,1756894825375,112,112.3,0.900225
168513759,1756894825263,1756894825375,112,112.3,0.900225
168513760,1756894825264,1756894825375,111,112.3,0.900225
168513761,1756894825264,1756894825375,111,112.3,0.900225
168513762,1756894825264,1756894825375,111,112.3,0.900225
168513763,1756894825269,1756894825375,106,112.3,1.000089
168513764,1756894825270,1756894825376,106,112.3,0.611089
168513765,1756894825277,1756894825380,103,112.3,0.700175
168513767,1756894830011,1756894830124,113,112.3,0.124403
168513770,1756894830011,1756894830124,113,112.31,0.875597
168513773,1756894831542,1756894831644,102,112.29,0.50469
168513774,1756894836601,1756894836709,108,112.31,0.38918
168513775,1756894843071,1756894843177,106,112.3,0.195129
168513776,1756894843481,1756894843588,107,112.29,1
168513777,1756894845034,1756894845147,113,112.31,0.153001
168513780,1756894845034,1756894845147,113,112.32,0.747224
168513781,1756894845036,1756894845147,111,112.32,0.028881
168513782,1756894845045,1756894845152,107,112.33,0.010343
168513786,1756894845045,1756894845152,107,112.34,0.88043
168513788,1756894848094,1756894848196,102,112.34,0.5884
168513789,1756894848121,1756894848223,102,112.34,0.000018
168513791,1756894848638,1756894848740,102,112.35,0.900225
168513793,1756894848642,1756894848745,103,112.35,0.783193
168513800,1756894855606,1756894855718,112,112.36,4.583816
168513802,1756894855626,1756894855729,103,112.37,0.165444
168513803,1756894855626,1756894855729,103,112.38,0.368782
168513804,1756894855669,1756894855772,103,112.38,0.890377
168513809,1756894855675,1756894855783,108,112.38,0.890377
168513813,1756894855676,1756894855783,107,112.38,0.617536
168513818,1756894855676,1756894855783,107,112.39,0.282689
168513822,1756894855808,1756894855916,108,112.39,0.4001
168513823,1756894855843,1756894855946,103,112.39,0.900225
168513825,1756894855844,1756894855947,103,112.39,0.890377
168513826,1756894863680,1756894863786,106,112.39,0.173627
168513846,1756894863680,1756894863786,106,112.4,7.941423
168513847,1756894865071,1756894865181,110,112.4,0.0776
168513852,1756894868110,1756894868215,105,112.4,18.251072
168513853,1756894868436,1756894868539,103,112.4,0.758413
168513857,1756894875054,1756894875163,109,112.4,3.387901
168513862,1756894877483,1756894877587,104,112.41,8.897589
168513863,1756894877629,1756894877735,106,112.41,4
168513864,1756894883869,1756894883991,122,112.4,0.172598
168513865,1756894896097,1756894896202,105,112.41,0.900225
168513866,1756894896097,1756894896202,105,112.41,0.900225
168513867,1756894896098,1756894896202,104,112.41,0.900225
168513868,1756894896098,1756894896203,105,112.41,0.900225
168513869,1756894896098,1756894896203,105,112.41,0.900225
168513870,1756894896098,1756894896203,105,112.41,0.900225
168513871,1756894896098,1756894896203,105,112.41,0.900225
168513872,1756894896098,1756894896203,105,112.41,0.900225
168513873,1756894896098,1756894896211,113,112.41,0.900225
168513874,1756894896098,1756894896211,113,112.41,0.900225
168513875,1756894896098,1756894896211,113,112.41,0.900225
168513876,1756894896098,1756894896211,113,112.41,0.900225
168513877,1756894896098,1756894896211,113,112.41,0.900225
168513878,1756894896098,1756894896211,113,112.41,0.900225
168513879,1756894896098,1756894896211,113,112.41,0.900225
168513880,1756894896098,1756894896211,113,112.41,0.900225
168513881,1756894896098,1756894896211,113,112.41,0.900225
168513882,1756894896101,1756894896211,110,112.41,0.900225
168513883,1756894896101,1756894896211,110,112.41,0.900225
168513884,1756894896101,1756894896211,110,112.41,0.900225
168513885,1756894896101,1756894896211,110,112.41,0.900225
168513886,1756894896103,1756894896211,108,112.41,17.792011
168513887,1756894896107,1756894896212,105,112.41,1.611117
168513888,1756894896539,1756894896642,103,112.4,0.533988
168513890,1756894896673,1756894896778,105,112.39,10.373004
168513891,1756894901442,1756894901548,106,112.38,0.218087
168513892,1756894904159,1756894904265,106,112.37,0.1736
168513893,1756894904172,1756894904275,103,112.37,0.000027
168513894,1756894908510,1756894908616,106,112.36,0.070492
168513898,1756894911599,1756894911705,106,112.35,10.38217
168513905,1756894911599,1756894911705,106,112.34,9.61783
168513906,1756894919692,1756894919799,107,112.34,2.09142
168513907,1756894919692,1756894919799,107,112.35,1.058925
168513912,1756894919696,1756894919799,103,112.35,20.186522
168513921,1756894919696,1756894919799,103,112.36,33.218095
168513922,1756894923325,1756894923436,111,112.35,5.3
168513923,1756894925091,1756894925197,106,112.35,0.1
168513924,1756894925585,1756894925691,106,112.35,0.015
168513925,1756894925585,1756894925691,106,112.36,0.843866
168513928,1756894925586,1756894925691,105,112.36,13.799243
168513929,1756894929077,1756894929182,105,112.34,0.917662
168513935,1756894929866,1756894929985,119,112.33,9.689237
168513936,1756894929866,1756894929985,119,112.33,8.374159
168513940,1756894929870,1756894930003,133,112.32,4.690769
168513944,1756894929889,1756894930052,163,112.31,10.238582
168513946,1756894930030,1756894930219,189,112.3,1.273712
168513947,1756894930030,1756894930219,189,112.3,0.986288
168513948,1756894930071,1756894930264,193,112.29,0.01
168513949,1756894930071,1756894930264,193,112.28,0.01
168513950,1756894930071,1756894930265,194,112.27,0.01
168513951,1756894930071,1756894930265,194,112.26,3.97
168513952,1756894930082,1756894930273,191,112.27,1.796256
168513953,1756894930350,1756894930457,107,112.27,4
168513954,1756894930842,1756894930946,104,112.27,0.902112
168513956,1756894931747,1756894931850,103,112.3,0.025
168513957,1756894931747,1756894931850,103,112.31,0.875225
