tradeID,ts_exchange_ms,ts_received_ms,delay,price,volume
329833711,1754999099474,1754999099.5841572,1,174.76,0.098083
329833712,1754999099501,1754999099.6121252,1,174.75,0.01
329833713,1754999099503,1754999099.612173,1,174.75,0.01
329833717,1754999100994,1754999101.1028702,1,174.75,13.6492
329833720,1754999100995,1754999101.103086,1,174.75,59.642422
329833722,1754999100995,1754999101.103131,1,174.74,1.085193
329833723,1754999101018,1754999101.1313925,1,174.73,2
329833724,1754999101026,1754999101.138871,1,174.72,0.57
329833731,1754999101028,1754999101.1389508,1,174.72,0.86
329833732,1754999101029,1754999101.1389744,1,174.72,2.22433
329833733,1754999101029,1754999101.138997,1,174.71,0.63567
329833747,1754999101030,1754999101.139258,1,174.71,0.57
329833748,1754999101034,1754999101.1445956,1,174.71,2.86
329833750,1754999101044,1754999101.1533878,1,174.7,1
329833752,1754999101053,1754999101.1604128,1,174.7,0.57
329833754,1754999101082,1754999101.3146722,1,174.7,1.004627
329833778,1754999101126,1754999101.3147197,1,174.69,2
329833779,1754999103535,1754999103.6597185,1,174.7,0.129895
329833781,1754999104351,1754999104.4649048,1,174.71,3.704367
329833782,1754999105736,1754999105.8464773,1,174.72,0.119315
329833898,1754999144809,1754999144915,106,174.88,0.95934
329833899,1754999146060,1754999146179,119,174.89,0.975148
329833909,1754999146069,1754999146179,110,174.9,0.31046
329833910,1754999148441,1754999148552,111,174.91,0.975148
329833911,1754999148923,1754999149034,111,174.92,0.109427
329833912,1754999153801,1754999153908,107,174.91,0.351148
329833913,1754999154092,1754999154202,110,174.91,0.18257
329833914,1754999154399,1754999154509,110,174.91,8.357325
329835562,1754999973603,1754999973713,110,175.28,103.34793
329835569,1754999973603,1754999973713,110,175.29,142.015372
329835570,1754999975121,1754999975240,119,175.29,28.295051
329835571,1754999975121,1754999975240,119,175.29,48.897289
329835572,1754999975121,1754999975240,119,175.29,24.263901
329835574,1754999975287,1754999975399,112,175.27,3.136671
329835575,1754999979099,1754999979212,113,175.26,0.97514
329835576,1754999979110,1754999979220,110,175.26,0.000008
329835578,1754999979685,1754999979795,110,175.26,0.087314
329835580,1754999983837,1754999983952,115,175.25,0.28601
329835582,1754999983837,1754999983952,115,175.25,0.28601
329835591,1754999983840,1754999983954,114,175.25,0.104889
329835593,1754999984812,1754999984926,114,175.25,0.237937
329835596,1754999985800,1754999985913,113,175.25,27.355248
329835597,1754999986334,1754999986451,117,175.24,0.9751
329835598,1754999986340,1754999986453,113,175.24,0.000048
329835599,1754999987037,1754999987146,109,175.23,0.97514
329835600,1754999988458,1754999988568,110,175.23,0.000008
329835601,1754999988470,1754999988584,114,175.22,0.110045
329835602,1754999991211,1754999991320,109,175.21,0.9751
329835603,1754999992192,1754999992302,110,175.21,0.000048
329835604,1754999992580,1754999992697,117,175.2,0.28601
329835605,1754999992580,1754999992698,118,175.2,0.28601
329835611,1754999992585,1754999992698,113,175.2,0.619808
329835613,1754999993978,1754999994145,167,175.2,6.664954
329835615,1754999993978,1754999994145,167,175.2,7.376746
329835620,1754999993978,1754999994145,167,175.2,42.863882
329835622,1754999993979,1754999994155,176,175.2,7.7
329835623,1754999993981,1754999994175,194,175.2,1.58
329835625,1754999993982,1754999994175,193,175.2,11.87
329835626,1754999993983,1754999994183,200,175.2,2.47
329835627,1754999993983,1754999994183,200,175.2,2.917975
329835628,1754999994020,1754999994197,177,175.2,0.229888
329835629,1754999994664,1754999994777,113,175.21,0.975148
329835630,1754999994666,1754999994779,113,175.22,1.068048
329835631,1754999994677,1754999994796,119,175.23,0.975148
329835633,1754999994677,1754999994796,119,175.24,4.73457
329835634,1754999994680,1754999994796,116,175.25,2
329835635,1754999994685,1754999994796,111,175.25,1
329835636,1755000000680,1755000000795,115,175.23,0.975148
329835637,1755000000684,1755000000800,116,175.22,0.68
329835638,1755000000691,1755000000819,128,175.21,0.975148
329835639,1755000000820,1755000000929,109,175.2,0.975148
329835640,1755000001304,1755000001415,111,175.2,0.028538
329835641,1755000001304,1755000001415,111,175.2,0.011415
329835643,1755000001411,1755000001526,115,175.19,3.0485
329835644,1755000001420,1755000001530,110,175.19,0.000024
329835646,1755000003066,1755000003176,110,175.2,1.137982
329835648,1755000004633,1755000004749,116,175.21,2.511719
329835649,1755000004669,1755000004779,110,175.23,0.975148
329835650,1755000004669,1755000004779,110,175.24,0.975148
329835651,1755000004669,1755000004779,110,175.25,3.759748
329835652,1755000004730,1755000004843,113,175.25,0.200116
329835653,1755000005915,1755000006026,111,175.24,0.059632
329835654,1755000007374,1755000007485,111,175.26,0.57058
329835655,1755000009805,1755000009919,114,175.26,0.365171
329835656,1755000010088,1755000010199,111,175.26,0.039397
329835657,1755000010774,1755000010887,113,175.27,0.048496
329835658,1755000010968,1755000011079,111,175.27,0.03138
329835659,1755000011012,1755000011121,109,175.27,0.017116
329835660,1755000011698,1755000011808,110,175.27,0.319507
329835661,1755000012568,1755000012677,109,175.27,0.028527
329835662,1755000012596,1755000012706,110,175.27,0.017116
329835663,1755000013396,1755000013506,110,175.27,0.01141
329835664,1755000013840,1755000013960,120,175.27,0.01141
329835665,1755000014169,1755000014278,109,175.27,0.01141
329835667,1755000015026,1755000015136,110,175.27,0.785802
329835669,1755000015451,1755000015568,117,175.28,1.085193
329835670,1755000016099,1755000016208,109,175.29,0.034228
329835671,1755000016477,1755000016591,114,175.29,0.094299
329835672,1755000016568,1755000016682,114,175.29,0.028524
329835674,1755000016964,1755000017075,111,175.3,1.175264
329835675,1755000017251,1755000017361,110,175.31,0.013575
329835676,1755000017776,1755000017888,112,175.31,0.96
329835677,1755000017777,1755000017888,111,175.31,0.001573
329835686,1755000017780,1755000017890,110,175.32,0.110344
329835687,1755000018905,1755000019018,113,175.32,0.011407
329835690,1755000019064,1755000019177,113,175.32,16.631337
329835698,1755000019064,1755000019177,113,175.33,37.988967
329835699,1755000019272,1755000019382,110,175.33,0.034221
329835700,1755000019705,1755000019817,112,175.33,0.011407
329835701,1755000019847,1755000019957,110,175.33,0.011407
329835702,1755000020004,1755000020117,113,175.33,0.057035
329835703,1755000020149,1755000020258,109,175.33,0.017452
329835704,1755000021280,1755000021392,112,175.32,0.04
329835705,1755000022045,1755000022155,110,175.33,0.01711
329835706,1755000022205,1755000022314,109,175.33,0.014258
329835707,1755000022372,1755000022483,111,175.33,0.022814
329835708,1755000023033,1755000023143,110,175.31,0.975148
329835709,1755000023089,1755000023199,110,175.3,0.975148
329835710,1755000023100,1755000023211,111,175.29,0.0015
329835712,1755000023541,1755000023654,113,175.29,0.022819
329835713,1755000023868,1755000023979,111,175.29,0.011409
329835714,1755000024097,1755000024207,110,175.29,0.313423
329835715,1755000024508,1755000024618,110,175.29,0.188259
329835716,1755000024528,1755000024638,110,175.28,0.975148
329835718,1755000025249,1755000025359,110,175.27,5.70069
329835719,1755000025748,1755000025859,111,175.28,0.855773
329835720,1755000026254,1755000026370,116,175.27,5.7
329835721,1755000026841,1755000026951,110,175.28,0.014262
329835722,1755000026968,1755000027082,114,175.28,0.01141
329835723,1755000027260,1755000027373,113,175.27,5.7
329835724,1755000027277,1755000027386,109,175.28,0.02282
329835727,1755000028264,1755000028374,110,175.26,5.7
329835728,1755000028729,1755000028842,113,175.25,0.139566
329835741,1755000029268,1755000029379,111,175.25,5.7
329835742,1755000029624,1755000029736,112,175.25,0.002853
329835744,1755000030276,1755000030385,109,175.24,5.7
329835745,1755000030824,1755000030938,114,175.24,0.146085
329835746,1755000030830,1755000030940,110,175.24,0.249018
329835747,1755000030926,1755000031040,114,175.25,0.57879
329835748,1755000031268,1755000031382,114,175.26,0.011411
329835750,1755000031281,1755000031392,111,175.25,5.7
329835751,1755000031569,1755000031679,110,175.26,0.114116
329835752,1755000031577,1755000031693,116,175.26,0.019399
329835753,1755000032204,1755000032313,109,175.26,0.014264
329835755,1755000032286,1755000032396,110,175.25,5.7
329835756,1755000032704,1755000032813,109,175.26,0.114116
329835757,1755000033005,1755000033118,113,175.26,1.12975
329835758,1755000033309,1755000033418,109,175.25,5.7
329835761,1755000034406,1755000034516,110,175.24,5.7
329835762,1755000034440,1755000034556,116,175.24,0.022825
329835763,1755000034805,1755000034917,112,175.24,0.011412
329835764,1755000034958,1755000035136,178,175.24,9.795391
329835766,1755000034958,1755000035137,179,175.24,3.044399
329835767,1755000035155,1755000035264,109,175.26,0.975148
329835768,1755000035412,1755000035527,115,175.26,5.7
329835782,1755000035797,1755000035913,116,175.26,222.904647
329835785,1755000036311,1755000036425,114,175.27,1.525063
329835786,1755000036415,1755000036527,112,175.28,0.001711
329835788,1755000036517,1755000036626,109,175.27,5.7
329835789,1755000036542,1755000036651,109,175.27,2.403434
329835791,1755000037521,1755000037635,114,175.27,5.7
329835792,1755000038400,1755000038510,110,175.28,0.01141
329835794,1755000038525,1755000038637,112,175.27,5.7
329835796,1755000039530,1755000039642,112,175.27,5.7
329835797,1755000040633,1755000040747,114,175.27,5.7
329835798,1755000040894,1755000041008,114,175.27,0.983316
329835799,1755000041639,1755000041749,110,175.27,5.7
329835801,1755000042644,1755000042754,110,175.27,5.7
329835802,1755000043651,1755000043770,119,175.27,5.7
329835803,1755000043944,1755000044054,110,175.27,0.296532
329835805,1755000043980,1755000044093,113,175.28,7.633973
329835806,1755000043980,1755000044093,113,175.29,1.027054
329835807,1755000043980,1755000044093,113,175.3,2.02832
329835808,1755000044305,1755000044415,110,175.29,0.816896
329835810,1755000044656,1755000044768,112,175.29,5.7
329835811,1755000044674,1755000044784,110,175.3,0.020679
329835813,1755000044762,1755000044872,110,175.3,1.154585
329835814,1755000044770,1755000044880,110,175.31,0.975148
329835816,1755000045660,1755000045775,115,175.31,5.7
329835817,1755000046715,1755000046828,113,175.32,0.00114
329835818,1755000046763,1755000046877,114,175.31,5.7
329835819,1755000047767,1755000047880,113,175.31,5.7
329835821,1755000048872,1755000048985,113,175.31,5.7
329835823,1755000049878,1755000049990,112,175.31,5.7
329835833,1755000050135,1755000050245,110,175.32,0.953161
329835834,1755000050404,1755000050517,113,175.31,0.299325
329835835,1755000050700,1755000050814,114,175.33,0.975148
329835837,1755000050885,1755000050995,110,175.33,5.7
329835839,1755000051891,1755000052001,110,175.33,5.7
329835843,1755000052074,1755000052184,110,175.34,1.322752
329835857,1755000052253,1755000052363,110,175.35,2.310042
329835870,1755000052260,1755000052372,112,175.36,0.745936
329835871,1755000052265,1755000052374,109,175.37,0.174729
329835872,1755000052305,1755000052414,109,175.36,0.410582
329835874,1755000052895,1755000053008,113,175.36,5.7
329835876,1755000053899,1755000054011,112,175.36,5.7
329835877,1755000054046,1755000054155,109,175.36,0.04
329835878,1755000054903,1755000055021,118,175.36,5.7
329835879,1755000055907,1755000056017,110,175.36,5.7
329835900,1755000056059,1755000056171,112,175.37,1.3392
329835901,1755000056070,1755000056180,110,175.37,0.000031
329835903,1755000056334,1755000056448,114,175.38,7.888584
329835906,1755000056913,1755000057030,117,175.37,5.7
329835907,1755000057082,1755000057194,112,175.38,0.28601
329835908,1755000057082,1755000057194,112,175.38,0.28601
329835921,1755000057084,1755000057197,113,175.38,18.142254
329835922,1755000057084,1755000057197,113,175.38,2.103631
329836045,1755000057088,1755000057198,110,175.39,2.273203
329836046,1755000057103,1755000057221,118,175.39,0.001024
329836047,1755000057115,1755000057224,109,175.39,0.032085
329836049,1755000057920,1755000058029,109,175.39,5.7
329836050,1755000057933,1755000058043,110,175.4,0.005701
329836051,1755000058041,1755000058155,114,175.4,0.28601
329836052,1755000058041,1755000058156,115,175.4,0.28601
329836101,1755000058046,1755000058156,110,175.4,42.111532
329836102,1755000058925,1755000059037,112,175.4,5.7
329836103,1755000059053,1755000059176,123,175.4,0.61
329836106,1755000059931,1755000060043,112,175.38,5.7
329836107,1755000060279,1755000060393,114,175.38,2.7
329836109,1755000061034,1755000061151,117,175.37,5.7
329836111,1755000062138,1755000062251,113,175.36,5.7
329836112,1755000063141,1755000063254,113,175.36,5.7
329836113,1755000064147,1755000064262,115,175.36,0.410583
329836117,1755000064147,1755000064262,115,175.35,1.861232
329836118,1755000064147,1755000064262,115,175.34,3.428185
329836120,1755000064331,1755000064441,110,175.34,1.085193
329836122,1755000064333,1755000064442,109,175.33,0.976648
329836132,1755000064490,1755000064603,113,175.32,0.417262
329836134,1755000064617,1755000064730,113,175.31,3.419797
329836137,1755000064651,1755000064761,110,175.31,23.637727
329836139,1755000064802,1755000064914,112,175.3,1.175264
329836140,1755000064810,1755000064920,110,175.29,0.0015
329836143,1755000064848,1755000064958,110,175.28,1.769935
329836144,1755000064861,1755000064976,115,175.28,1.0769
329836157,1755000064891,1755000065004,113,175.27,6.001139
329836158,1755000065153,1755000065263,110,175.26,0.975148
329836171,1755000065153,1755000065263,110,175.25,0.515581
329836173,1755000065153,1755000065263,110,175.24,4.209271
329836174,1755000065625,1755000065735,110,175.24,4.992204
329836175,1755000066158,1755000066270,112,175.23,0.975148
329836176,1755000066158,1755000066270,112,175.22,0.110045
329836180,1755000066158,1755000066270,112,175.21,4.614807
329836183,1755000066590,1755000066702,112,175.21,11.414873
329836192,1755000066772,1755000066894,122,175.2,1.386584
329836193,1755000067162,1755000067273,111,175.19,0.975148
329836214,1755000067162,1755000067273,111,175.18,0.384662
329836218,1755000067162,1755000067273,111,175.17,3.08019
329836222,1755000067960,1755000068083,123,175.16,22.987882
329836223,1755000068266,1755000068381,115,175.15,0.009999
329836224,1755000069524,1755000069634,110,175.16,0.025
329836225,1755000070535,1755000070645,110,175.16,0.028094
329836226,1755000071151,1755000071286,135,175.16,17.1125
329836227,1755000071280,1755000071390,110,175.17,0.975148
329836228,1755000073720,1755000073835,115,175.19,0.975148
329836229,1755000075291,1755000075401,110,175.2,0.035221
329836231,1755000076151,1755000076264,113,175.2,1.247071
329836232,1755000076151,1755000076264,113,175.21,0.975148
329836234,1755000076151,1755000076264,113,175.22,1.137509
329836236,1755000076151,1755000076264,113,175.23,2.34999
329836237,1755000076360,1755000076470,110,175.23,0.975148
329836238,1755000078100,1755000078219,119,175.24,0.975148
329836239,1755000082915,1755000083024,109,175.25,0.146272
329836248,1755000082916,1755000083025,109,175.25,0.146273
329836251,1755000082916,1755000083025,109,175.25,0.146273
329836252,1755000084641,1755000084751,110,175.25,2.696688
329836253,1755000084653,1755000084762,109,175.24,0.684898
329836254,1755000085052,1755000085162,110,175.23,0.139945
329836256,1755000088190,1755000088302,112,175.23,0.870424
329836259,1755000088580,1755000088703,123,175.22,30.151
329836260,1755000090110,1755000090220,110,175.21,0.975148
329836261,1755000091194,1755000091311,117,175.21,1.141161
329836262,1755000091195,1755000091311,116,175.21,1.141162
329836263,1755000091195,1755000091311,116,175.21,1.141161
329836264,1755000091227,1755000091346,119,175.21,1.140698
329836266,1755000091288,1755000091401,113,175.21,1.141162
329836267,1755000091291,1755000091403,112,175.21,0.146272
329836269,1755000092716,1755000092825,109,175.2,1.175264
329836270,1755000092720,1755000092829,109,175.19,0.975148
329836281,1755000093440,1755000093551,111,175.18,0.715414
329836282,1755000095396,1755000095511,115,175.19,0.034248
329836283,1755000096853,1755000096962,109,175.19,1.268078
329836284,1755000098534,1755000098646,112,175.19,7.5256
329836285,1755000100475,1755000100589,114,175.18,1.543581
329836286,1755000101641,1755000101754,113,175.18,1.141031
329836287,1755000101641,1755000101754,113,175.18,1.141032
329836288,1755000101642,1755000101755,113,175.18,1.141032
329836289,1755000101643,1755000101755,112,175.18,1.141032
329836290,1755000102733,1755000102845,112,175.19,0.045664
329836292,1755000102892,1755000103001,109,175.2,1.28
329836293,1755000102894,1755000103004,110,175.2,0.002296
329836294,1755000102915,1755000103028,113,175.21,0.975148
329836295,1755000103080,1755000103193,113,175.23,0.975148
329836299,1755000103327,1755000103442,115,175.24,59.175873
329836300,1755000105230,1755000105344,114,175.23,0.975148
329836301,1755000105610,1755000105720,110,175.21,0.975148
329836303,1755000106460,1755000106570,110,175.2,1.225767
329836304,1755000106480,1755000106596,116,175.19,0.975148
329836305,1755000107470,1755000107585,115,175.18,0.307166
329836308,1755000110422,1755000110540,118,175.17,1.165125
329836310,1755000110440,1755000110558,118,175.16,1.085193
329836312,1755000111408,1755000111525,117,175.15,0.201402
329836313,1755000111420,1755000111534,114,175.14,0.975148
329836314,1755000111626,1755000111740,114,175.14,1.141422
329836315,1755000111626,1755000111740,114,175.14,1.141422
329836316,1755000116667,1755000116776,109,175.14,0.425816
329836317,1755000116794,1755000116907,113,175.14,0.865576
329836318,1755000116975,1755000117088,113,175.14,1.141422
329836319,1755000116975,1755000117088,113,175.14,1.141422
329836320,1755000116976,1755000117088,112,175.14,1.141422
329836321,1755000116976,1755000117088,112,175.14,1.141423
329836322,1755000117861,1755000117976,115,175.14,1.141618
329836324,1755000119661,1755000119771,110,175.14,0.933057
329836325,1755000120490,1755000120600,110,175.14,0.038957
329836326,1755000121850,1755000121966,116,175.14,0.078
329836327,1755000121850,1755000121966,116,175.14,0.078
329836328,1755000121851,1755000121966,115,175.14,0.078
329836329,1755000121851,1755000121966,115,175.14,0.078
329836330,1755000121851,1755000121966,115,175.14,0.078
329836331,1755000121901,1755000122014,113,175.14,1.140699
329836332,1755000122025,1755000122136,111,175.14,1.37057
329836333,1755000124625,1755000124735,110,175.14,0.416588
329836335,1755000124940,1755000125050,110,175.15,8.934525
329836340,1755000126816,1755000126989,173,175.16,26.388614
329836347,1755000126816,1755000126989,173,175.17,117.148684
329836348,1755000126816,1755000126989,173,175.18,23.436702
329836353,1755000126816,1755000126989,173,175.18,88.769
329836356,1755000126816,1755000126989,173,175.18,86.791471
329836357,1755000126816,1755000126989,173,175.19,23.436529
329836361,1755000128418,1755000128528,110,175.19,14.27022
329836362,1755000128610,1755000128721,111,175.17,0.975148
329836363,1755000128800,1755000128912,112,175.16,0.975148
329836365,1755000133227,1755000133339,112,175.14,1.51
329836366,1755000133230,1755000133340,110,175.14,0.000578
329836367,1755000133240,1755000133349,109,175.13,0.975148
329836368,1755000133396,1755000133516,120,175.12,0.975148
329836378,1755000135190,1755000135303,113,175.11,0.13306
329836383,1755000137003,1755000137114,111,175.12,104.089268
329836384,1755000142198,1755000142308,110,175.13,0.975148
329836385,1755000142206,1755000142315,109,175.14,0.975148
329836386,1755000142220,1755000142340,120,175.15,0.26208
329836388,1755000145943,1755000146052,109,175.16,1.769717
329836389,1755000145960,1755000146071,111,175.17,0.975148
329836398,1755000146020,1755000146130,110,175.18,0.110344
329836399,1755000146080,1755000146190,110,175.19,0.975148
329836403,1755000151105,1755000151230,125,175.2,4.840505
329836404,1755000151105,1755000151230,125,175.2,5.457064
329836405,1755000151105,1755000151235,130,175.2,2.234891
329836406,1755000151106,1755000151242,136,175.21,0.975148
329836410,1755000151107,1755000151242,135,175.22,1.433593
329836413,1755000151109,1755000151247,138,175.23,7.256043
329836416,1755000151135,1755000151292,157,175.24,16.767813
329836417,1755000151186,1755000151298,112,175.24,7.536146
329836418,1755000151233,1755000151344,111,175.24,0.51
329836419,1755000151240,1755000151349,109,175.24,8.537862
329836420,1755000151244,1755000151355,111,175.24,0.235212
329836422,1755000151292,1755000151402,110,175.24,7.315422
329836425,1755000151295,1755000151407,112,175.24,11.194239
329836427,1755000151478,1755000151598,120,175.24,28.526886
329836437,1755000153957,1755000154066,109,175.25,0.31046
329836438,1755000154029,1755000154143,114,175.26,0.717651
329836439,1755000159291,1755000159407,116,175.24,0.056502
329836441,1755000162817,1755000162929,112,175.26,1.834132
329836442,1755000167328,1755000167442,114,175.25,6.6365
329836443,1755000167334,1755000167453,119,175.25,0.000041
329836444,1755000167335,1755000167453,118,175.24,0.9751
329836445,1755000167336,1755000167453,117,175.24,0.000048
329836446,1755000167336,1755000167453,117,175.23,0.975148
329836448,1755000167349,1755000167460,111,175.22,15.580731
329836450,1755000167349,1755000167460,111,175.22,15.580731
329836451,1755000167349,1755000167460,111,175.22,1.004779
329836452,1755000173384,1755000173494,110,175.24,0.975148
329836453,1755000176610,1755000176723,113,175.25,0.959169
329836454,1755000177938,1755000178050,112,175.26,0.124728
329836455,1755000178290,1755000178401,111,175.26,0.85042
329836456,1755000179457,1755000179566,109,175.27,0.057064
329836469,1755000180720,1755000180829,109,175.27,1.192304
329836471,1755000180726,1755000180837,111,175.28,1.085193
329836472,1755000183400,1755000183510,110,175.3,0.057045
329836473,1755000187845,1755000187957,112,175.3,0.8939
329836474,1755000187960,1755000188076,116,175.27,0.975148
329836475,1755000188290,1755000188400,110,175.27,0.056259
329836477,1755000188543,1755000188655,112,175.27,10.000067
329836478,1755000197843,1755000197952,109,175.26,0.975148
329836480,1755000197843,1755000197952,109,175.25,0.593746
329836483,1755000197843,1755000197952,109,175.24,5.431106
329836484,1755000203235,1755000203348,113,175.26,0.006767
329836485,1755000206430,1755000206542,112,175.23,0.975148
329836486,1755000206430,1755000206542,112,175.22,0.110045
329836487,1755000212950,1755000213060,110,175.21,0.975148
329836488,1755000213431,1755000213543,112,175.21,0.084306
329836489,1755000216193,1755000216307,114,175.2,0.29
329836490,1755000216272,1755000216381,109,175.21,5.645106
329836492,1755000216279,1755000216389,110,175.23,0.976648
329836493,1755000216279,1755000216390,111,175.24,4.733396
329836494,1755000216324,1755000216436,112,175.24,0.057097
329836495,1755000219720,1755000219831,111,175.24,0.918051
329836496,1755000224413,1755000224523,110,175.25,0.071176
329836497,1755000225347,1755000225457,110,175.25,4.378128
329836499,1755000229475,1755000229588,113,175.26,4.365453
329836500,1755000231379,1755000231489,110,175.25,0.002
329836501,1755000234220,1755000234333,113,175.24,0.975148
329836502,1755000234450,1755000234562,112,175.23,0.975148
329836503,1755000239005,1755000239114,109,175.23,2.975285
329836506,1755000244930,1755000245054,124,175.24,2.610405
329836507,1755000245039,1755000245149,110,175.26,0.975148
329836508,1755000245120,1755000245230,110,175.27,0.975148
329836510,1755000245270,1755000245380,110,175.28,1.085193
329836511,1755000247980,1755000248092,112,175.28,2.281556
329836512,1755000248721,1755000248841,120,175.29,0.003423
329836513,1755000250669,1755000250782,113,175.28,0.063167
329836514,1755000251711,1755000251823,112,175.27,0.975148
329836516,1755000251771,1755000251881,110,175.26,1.659961
329836517,1755000251771,1755000251881,110,175.25,0.0015
329836518,1755000251771,1755000251881,110,175.24,27.338539
329836519,1755000252150,1755000252260,110,175.25,0.121945
329836520,1755000254027,1755000254146,119,175.26,0.028972
329836521,1755000254574,1755000254687,113,175.26,0.124901
329836522,1755000255951,1755000256064,113,175.27,0.671934
329836524,1755000257502,1755000257720,218,175.27,0.386184
329836525,1755000260409,1755000260522,113,175.27,0.004666
329836526,1755000260409,1755000260522,113,175.27,0.004666
329836527,1755000260409,1755000260522,113,175.27,0.004666
329836528,1755000260409,1755000260522,113,175.27,0.004666
329836529,1755000260409,1755000260522,113,175.27,0.004666
329836530,1755000260409,1755000260524,115,175.27,0.004666
329836531,1755000260409,1755000260524,115,175.27,0.004666
329836532,1755000260409,1755000260524,115,175.27,0.004666
329836533,1755000260409,1755000260524,115,175.27,0.004666
329836534,1755000260409,1755000260524,115,175.27,0.004666
329836535,1755000260409,1755000260524,115,175.27,0.004666
329836536,1755000260409,1755000260524,115,175.27,0.004666
329836537,1755000260409,1755000260524,115,175.27,0.004666
329836538,1755000260409,1755000260524,115,175.27,0.004666
329836539,1755000260409,1755000260525,116,175.27,0.004666
329836540,1755000262473,1755000262587,114,175.28,0.567161
329836541,1755000264010,1755000264121,111,175.28,0.407987
329836544,1755000264010,1755000264121,111,175.29,0.541182
329836545,1755000264932,1755000265044,112,175.29,0.08291
329836546,1755000269060,1755000269170,110,175.29,0.059172
329836547,1755000269368,1755000269480,112,175.28,1.711547
329836548,1755000270769,1755000270881,112,175.28,0.14644
329836549,1755000272951,1755000273063,112,175.27,0.106015
329836550,1755000273590,1755000273707,117,175.28,0.85946
329836553,1755000275834,1755000275947,113,175.3,0.581688
329836554,1755000278126,1755000278237,111,175.29,0.850693
329836555,1755000278584,1755000278693,109,175.28,0.08
329836556,1755000281549,1755000281659,110,175.28,0.8951
329836557,1755000281819,1755000281929,110,175.28,0.000048
329836558,1755000281850,1755000281959,109,175.27,0.869133
329836559,1755000282289,1755000282399,110,175.26,0.09
329836560,1755000282325,1755000282440,115,175.26,0.07995
329836561,1755000284071,1755000284180,109,175.26,0.07
329836562,1755000284071,1755000284180,109,175.26,0.08
329836563,1755000284280,1755000284391,111,175.26,0.655198
329836565,1755000284280,1755000284391,111,175.25,0.546762
329836566,1755000289236,1755000289351,115,175.26,2.853392
329836567,1755000298259,1755000298371,112,175.27,0.975148
329836568,1755000298259,1755000298371,112,175.28,0.975148
329836569,1755000298259,1755000298371,112,175.29,0.449323
329836571,1755000300480,1755000300589,109,175.29,0.916248
329836572,1755000301128,1755000301239,111,175.29,1.602439
329836573,1755000305627,1755000305737,110,175.29,1.780637
329836574,1755000310122,1755000310234,112,175.29,1.054802
329836576,1755000317750,1755000317862,112,175.29,1.845626
329836577,1755000317830,1755000317939,109,175.29,0.039219
329836579,1755000317882,1755000317997,115,175.28,0.741882
329836580,1755000319874,1755000319986,112,175.29,0.206047
329836581,1755000321254,1755000321366,112,175.28,1.3498
329836582,1755000321260,1755000321379,119,175.28,0.00004
329836584,1755000322760,1755000322877,117,175.27,1.775228
329836585,1755000322770,1755000322879,109,175.26,0.975148
329836587,1755000323510,1755000323626,116,175.25,0.840808
329836588,1755000327686,1755000327795,109,175.26,0.057059
329836589,1755000327766,1755000327880,114,175.26,0.724124
329836591,1755000327770,1755000327883,113,175.25,0.079918
329836597,1755000329304,1755000329413,109,175.24,1.68877
329836598,1755000329310,1755000329422,112,175.24,0.000008
329836600,1755000329436,1755000329545,109,175.24,0.054825
329836601,1755000329608,1755000329717,109,175.24,0.0551
329836602,1755000329765,1755000329876,111,175.24,0.055376
329836603,1755000329918,1755000330030,112,175.24,0.055654
329836604,1755000330081,1755000330191,110,175.24,0.055933
329836605,1755000330238,1755000330356,118,175.24,0.056213
329836606,1755000330434,1755000330543,109,175.24,0.056495
329836607,1755000330586,1755000330700,114,175.24,0.056778
329836609,1755000330752,1755000330862,110,175.23,4.5
329836610,1755000330763,1755000330872,109,175.24,0.057062
329836611,1755000331743,1755000331857,114,175.23,0.3866
329836612,1755000331770,1755000331880,110,175.22,0.110045
329836613,1755000331792,1755000331902,110,175.21,0.39
329836614,1755000331794,1755000331903,109,175.21,0.39
329836615,1755000331796,1755000331906,110,175.21,0.19
329836617,1755000331797,1755000331906,109,175.21,0.39
329836618,1755000331798,1755000331907,109,175.21,0.300156
329836619,1755000331798,1755000331907,109,175.2,0.089844
329836620,1755000331798,1755000331907,109,175.2,0.39
329836622,1755000331800,1755000331913,113,175.2,0.39
329836624,1755000331801,1755000331913,112,175.2,0.03
329836625,1755000331805,1755000331914,109,175.2,0.39
329836626,1755000331888,1755000331998,110,175.19,0.31
329836628,1755000332328,1755000332440,112,175.21,8.776961
329836629,1755000334750,1755000334862,112,175.2,0.257868
329836630,1755000334941,1755000335052,111,175.19,0.028125
329836631,1755000335772,1755000335891,119,175.19,0.637023
329836652,1755000335779,1755000335891,112,175.18,0.38465
329836653,1755000335781,1755000335894,113,175.18,0.000006
329836654,1755000335805,1755000335920,115,175.17,0.64
329836655,1755000335808,1755000335920,112,175.17,0.32
329836658,1755000335810,1755000335920,110,175.17,0.072234
329836659,1755000335810,1755000335920,110,175.16,0.377766
329836660,1755000335810,1755000335922,112,175.16,0.05
329836661,1755000335814,1755000335927,113,175.16,0.51
329836663,1755000335815,1755000335927,112,175.16,0.147427
329836665,1755000335815,1755000335927,112,175.15,0.201616
329836666,1755000335815,1755000335927,112,175.14,0.290957
329836667,1755000335818,1755000335927,109,175.14,0.64
329836669,1755000335819,1755000335928,109,175.14,0.51
329836670,1755000335820,1755000335930,110,175.14,0.64
329836671,1755000335820,1755000335931,111,175.14,0.64
329836673,1755000335821,1755000335931,110,175.14,0.57
329836675,1755000335828,1755000335938,110,175.14,0.57
329836676,1755000338983,1755000339098,115,175.13,0.97514
329836677,1755000338987,1755000339100,113,175.13,0.000008
329836678,1755000339012,1755000339131,119,175.12,0.97514
329836679,1755000339364,1755000339477,113,175.12,0.000008
329836680,1755000339364,1755000339477,113,175.11,0.079992
329836691,1755000339366,1755000339479,113,175.11,0.409613
329836692,1755000339366,1755000339479,113,175.1,0.570387
329836694,1755000339367,1755000339479,112,175.1,0.49
329836708,1755000339369,1755000339482,113,175.1,0.57
329836709,1755000339371,1755000339482,111,175.1,0.393809
329836710,1755000339371,1755000339482,111,175.09,0.586191
329836713,1755000339371,1755000339482,111,175.09,0.57
329836714,1755000339372,1755000339482,110,175.09,0.57
329836715,1755000339373,1755000339482,109,175.09,0.57
329836716,1755000339373,1755000339484,111,175.09,0.98
329836717,1755000339376,1755000339485,109,175.09,0.148177
329836722,1755000339376,1755000339485,109,175.08,0.831823
329836723,1755000339377,1755000339486,109,175.08,0.57
329836724,1755000339378,1755000339488,110,175.08,0.86
329836725,1755000339389,1755000339499,110,175.08,0.98
329836726,1755000339537,1755000339649,112,175.09,0.532663
329836728,1755000343097,1755000343208,111,175.07,0.982589
329836730,1755000343120,1755000343230,110,175.06,5.871428
329836732,1755000343240,1755000343352,112,175.06,6.000681
329836734,1755000343410,1755000343519,109,175.05,1.1752
329836735,1755000343411,1755000343520,109,175.05,0.000064
329836749,1755000343427,1755000343536,109,175.04,0.37567
329836750,1755000343437,1755000343546,109,175.04,0.000003
329836752,1755000343460,1755000343572,112,175.04,0.004195
329836753,1755000343460,1755000343572,112,175.04,0.007259
329836754,1755000343460,1755000343572,112,175.04,0.007259
329836755,1755000343460,1755000343572,112,175.04,0.007259
329836756,1755000343460,1755000343572,112,175.04,0.007259
329836757,1755000343460,1755000343572,112,175.04,0.007259
329836758,1755000343460,1755000343572,112,175.04,0.007259
329836759,1755000343460,1755000343572,112,175.04,0.007259
329836760,1755000343460,1755000343572,112,175.04,0.007259
329836761,1755000343460,1755000343572,112,175.04,0.007259
329836762,1755000343460,1755000343576,116,175.04,0.007259
329836763,1755000343460,1755000343576,116,175.04,0.007259
329836764,1755000343460,1755000343576,116,175.04,0.007259
329836765,1755000343460,1755000343576,116,175.04,0.007259
329836766,1755000343460,1755000343576,116,175.04,0.007259
329836767,1755000343460,1755000343576,116,175.04,0.007259
329836768,1755000343460,1755000343576,116,175.04,0.007259
329836769,1755000343460,1755000343576,116,175.04,0.007259
329836770,1755000343460,1755000343576,116,175.04,0.007259
329836771,1755000343460,1755000343576,116,175.04,0.007259
329836772,1755000343460,1755000343576,116,175.04,0.007259
329836773,1755000343460,1755000343576,116,175.04,0.007259
329836774,1755000343460,1755000343576,116,175.04,0.007259
329836775,1755000343460,1755000343578,118,175.04,0.007259
329836776,1755000343460,1755000343579,119,175.04,0.007259
329836777,1755000343460,1755000343579,119,175.04,0.007259
329836778,1755000343460,1755000343579,119,175.04,0.007259
329836779,1755000343460,1755000343579,119,175.04,0.007259
329836780,1755000343460,1755000343579,119,175.04,0.007259
329836781,1755000343460,1755000343579,119,175.04,0.007259
329836782,1755000343460,1755000343600,140,175.04,0.007259
329836783,1755000343460,1755000343600,140,175.04,0.007259
329836784,1755000343460,1755000343600,140,175.04,0.007259
329836785,1755000343460,1755000343600,140,175.04,0.007259
329836786,1755000343460,1755000343600,140,175.04,0.007259
329836787,1755000343460,1755000343600,140,175.04,0.007259
329836788,1755000343460,1755000343600,140,175.04,0.007259
329836789,1755000343460,1755000343600,140,175.04,0.007259
329836790,1755000343460,1755000343600,140,175.04,0.007259
329836791,1755000343460,1755000343600,140,175.04,0.007259
329836792,1755000343460,1755000343600,140,175.04,0.007259
329836793,1755000343460,1755000343600,140,175.04,0.007259
329836794,1755000343460,1755000343600,140,175.04,0.007259
329836795,1755000343460,1755000343601,141,175.04,0.007259
329836796,1755000343460,1755000343601,141,175.04,0.007259
329836797,1755000343460,1755000343601,141,175.04,0.007259
329836798,1755000343460,1755000343601,141,175.04,0.007259
329836799,1755000343460,1755000343601,141,175.04,0.007259
329836800,1755000343460,1755000343601,141,175.04,0.007259
329836801,1755000343460,1755000343601,141,175.04,0.007259
329836802,1755000343460,1755000343601,141,175.04,0.007259
329836803,1755000343460,1755000343601,141,175.04,0.007259
329836804,1755000343460,1755000343601,141,175.04,0.007259
329836805,1755000343460,1755000343601,141,175.04,0.007259
329836806,1755000343460,1755000343601,141,175.04,0.007259
329836807,1755000343460,1755000343601,141,175.04,0.007259
329836808,1755000343460,1755000343601,141,175.04,0.007259
329836809,1755000343460,1755000343601,141,175.04,0.007259
329836810,1755000343460,1755000343601,141,175.04,0.007259
329836811,1755000343460,1755000343601,141,175.04,0.007259
329836812,1755000343460,1755000343601,141,175.04,0.007259
329836813,1755000343460,1755000343601,141,175.04,0.007259
329836814,1755000343460,1755000343601,141,175.04,0.007259
329836815,1755000343460,1755000343601,141,175.04,0.007259
329836816,1755000343460,1755000343601,141,175.04,0.007259
329836817,1755000343460,1755000343601,141,175.04,0.007259
329836818,1755000343460,1755000343601,141,175.04,0.007259
329836819,1755000343460,1755000343601,141,175.04,0.007259
329836820,1755000343460,1755000343601,141,175.04,0.007259
329836821,1755000343460,1755000343601,141,175.04,0.007259
329836822,1755000343460,1755000343601,141,175.04,0.007259
329836823,1755000343460,1755000343601,141,175.04,0.007259
329836824,1755000343460,1755000343601,141,175.04,0.007259
329836825,1755000343460,1755000343601,141,175.04,0.007259
329836826,1755000343460,1755000343601,141,175.04,0.007259
329836827,1755000343460,1755000343601,141,175.04,0.007259
329836828,1755000343460,1755000343610,150,175.04,0.007259
329836829,1755000343460,1755000343610,150,175.04,0.007259
329836830,1755000343460,1755000343610,150,175.04,0.007259
329836831,1755000343461,1755000343610,149,175.04,0.007259
329836832,1755000343461,1755000343610,149,175.04,0.007259
329836833,1755000343461,1755000343610,149,175.04,0.007259
329836834,1755000343461,1755000343610,149,175.04,0.007259
329836835,1755000343461,1755000343610,149,175.04,0.007259
329836836,1755000343461,1755000343610,149,175.04,0.007259
329836837,1755000343461,1755000343610,149,175.04,0.007259
329836838,1755000343461,1755000343610,149,175.04,0.007259
329836839,1755000343461,1755000343610,149,175.04,0.007259
329836840,1755000343461,1755000343610,149,175.04,0.007259
329836841,1755000343461,1755000343610,149,175.04,0.007259
329836842,1755000343461,1755000343610,149,175.04,0.007259
329836843,1755000343461,1755000343610,149,175.04,0.007259
329836844,1755000343461,1755000343610,149,175.04,0.007259
329836845,1755000343461,1755000343610,149,175.04,0.007259
329836846,1755000343461,1755000343610,149,175.04,0.007259
329836847,1755000343461,1755000343610,149,175.04,0.007259
329836848,1755000343461,1755000343610,149,175.04,0.007259
329836849,1755000343461,1755000343610,149,175.04,0.007259
329836850,1755000343461,1755000343610,149,175.04,0.007259
329836851,1755000343461,1755000343610,149,175.04,0.007259
329836852,1755000343461,1755000343611,150,175.04,0.007259
329836853,1755000343461,1755000343611,150,175.04,0.007259
329836854,1755000343461,1755000343611,150,175.04,0.007259
329836855,1755000343461,1755000343629,168,175.04,0.007259
329836856,1755000343461,1755000343629,168,175.04,0.007259
329836857,1755000343461,1755000343629,168,175.04,0.007259
329836858,1755000343461,1755000343629,168,175.04,0.007259
329836859,1755000343461,1755000343629,168,175.04,0.007259
329836860,1755000343461,1755000343629,168,175.04,0.007259
329836861,1755000343461,1755000343630,169,175.04,0.007259
329836862,1755000343461,1755000343630,169,175.04,0.007259
329836863,1755000343461,1755000343630,169,175.04,0.007259
329836864,1755000343461,1755000343630,169,175.04,0.007259
329836865,1755000343461,1755000343630,169,175.04,0.007259
329836866,1755000343461,1755000343630,169,175.04,0.007259
329836867,1755000343461,1755000343630,169,175.04,0.007259
329836868,1755000343461,1755000343630,169,175.04,0.007259
329836869,1755000343461,1755000343630,169,175.04,0.007259
329836870,1755000343461,1755000343630,169,175.04,0.007259
329836871,1755000343461,1755000343630,169,175.04,0.007259
329836872,1755000343461,1755000343630,169,175.04,0.007259
329836873,1755000343461,1755000343630,169,175.04,0.007259
329836874,1755000343461,1755000343630,169,175.04,0.007259
329836875,1755000343461,1755000343630,169,175.04,0.007259
329836876,1755000343461,1755000343630,169,175.04,0.007259
329836877,1755000343461,1755000343630,169,175.04,0.007259
329836878,1755000343461,1755000343630,169,175.04,0.007259
329836879,1755000343461,1755000343630,169,175.04,0.007259
329836880,1755000343461,1755000343630,169,175.04,0.007259
329836881,1755000343461,1755000343630,169,175.04,0.007259
329836882,1755000343461,1755000343630,169,175.04,0.007259
329836883,1755000343461,1755000343630,169,175.04,0.007259
329836884,1755000343461,1755000343630,169,175.04,0.007259
329836885,1755000343461,1755000343630,169,175.04,0.007259
329836886,1755000343461,1755000343630,169,175.04,0.007259
329836887,1755000343461,1755000343630,169,175.04,0.007259
329836888,1755000343461,1755000343630,169,175.04,0.007259
329836889,1755000343461,1755000343630,169,175.04,0.007259
329836890,1755000343461,1755000343630,169,175.04,0.007259
329836891,1755000343461,1755000343630,169,175.04,0.007259
329836892,1755000343461,1755000343630,169,175.04,0.007259
329836893,1755000343461,1755000343630,169,175.04,0.007259
329836894,1755000343461,1755000343630,169,175.04,0.007259
329836895,1755000343461,1755000343630,169,175.04,0.007259
329836896,1755000343461,1755000343630,169,175.04,0.007259
329836897,1755000343461,1755000343630,169,175.04,0.007259
329836898,1755000343461,1755000343630,169,175.04,0.007259
329836899,1755000343461,1755000343630,169,175.04,0.007259
329836900,1755000343461,1755000343630,169,175.04,0.007259
329836901,1755000343461,1755000343630,169,175.04,0.007259
329836902,1755000343461,1755000343630,169,175.04,0.007259
329836903,1755000343461,1755000343630,169,175.04,0.007259
329836904,1755000343461,1755000343630,169,175.04,0.007259
329836905,1755000343461,1755000343630,169,175.04,0.007259
329836906,1755000343461,1755000343630,169,175.04,0.007259
329836907,1755000343461,1755000343630,169,175.04,0.007259
329836908,1755000343461,1755000343630,169,175.04,0.007259
329836909,1755000343461,1755000343631,170,175.04,0.007259
329836910,1755000343461,1755000343638,177,175.04,0.007259
329836911,1755000343461,1755000343638,177,175.04,0.007259
329836912,1755000343461,1755000343638,177,175.04,0.007259
329836913,1755000343461,1755000343638,177,175.04,0.007259
329836914,1755000343461,1755000343638,177,175.04,0.007259
329836915,1755000343461,1755000343638,177,175.04,0.007259
329836916,1755000343461,1755000343638,177,175.04,0.007259
329836917,1755000343461,1755000343638,177,175.04,0.007259
329836918,1755000343461,1755000343638,177,175.04,0.007259
329836919,1755000343461,1755000343638,177,175.04,0.007259
329836920,1755000343461,1755000343638,177,175.04,0.007259
329836921,1755000343461,1755000343638,177,175.04,0.007259
329836922,1755000343461,1755000343638,177,175.04,0.007259
329836923,1755000343461,1755000343638,177,175.04,0.007259
329836924,1755000343461,1755000343638,177,175.04,0.007259
329836925,1755000343461,1755000343638,177,175.04,0.007259
329836926,1755000343461,1755000343638,177,175.04,0.007259
329836927,1755000343461,1755000343638,177,175.04,0.007259
329836928,1755000343461,1755000343638,177,175.04,0.007259
329836929,1755000343461,1755000343638,177,175.04,0.007259
329836930,1755000343461,1755000343648,187,175.04,0.007259
329836931,1755000343462,1755000343648,186,175.04,0.007259
329836932,1755000343462,1755000343648,186,175.04,0.007259
329836933,1755000343462,1755000343648,186,175.04,0.007259
329836934,1755000343462,1755000343648,186,175.04,0.007259
329836935,1755000343462,1755000343649,187,175.04,0.007259
329836936,1755000343462,1755000343649,187,175.04,0.007259
329836937,1755000343462,1755000343649,187,175.04,0.007259
329836938,1755000343462,1755000343649,187,175.04,0.007259
329836939,1755000343462,1755000343649,187,175.04,0.007259
329836940,1755000343462,1755000343649,187,175.04,0.007259
329836941,1755000343462,1755000343649,187,175.04,0.007259
329836942,1755000343462,1755000343649,187,175.04,0.007259
329836943,1755000343462,1755000343649,187,175.04,0.007259
329836944,1755000343462,1755000343649,187,175.04,0.007259
329836945,1755000343462,1755000343649,187,175.04,0.007259
329836946,1755000343462,1755000343649,187,175.04,0.007259
329836947,1755000343462,1755000343649,187,175.04,0.007259
329836948,1755000343462,1755000343649,187,175.04,0.007259
329836949,1755000343462,1755000343649,187,175.04,0.007259
329836950,1755000343462,1755000343649,187,175.04,0.007259
329836951,1755000343462,1755000343649,187,175.04,0.007259
329836952,1755000343462,1755000343649,187,175.04,0.007259
329836953,1755000343462,1755000343649,187,175.04,0.007259
329836954,1755000343462,1755000343649,187,175.04,0.007259
329836955,1755000343462,1755000343649,187,175.04,0.007259
329836956,1755000343462,1755000343649,187,175.04,0.007259
329836957,1755000343462,1755000343649,187,175.04,0.007259
329836958,1755000343462,1755000343649,187,175.04,0.007259
329836959,1755000343462,1755000343649,187,175.04,0.007259
329836960,1755000343462,1755000343649,187,175.04,0.007259
329836961,1755000343462,1755000343649,187,175.04,0.007259
329836962,1755000343462,1755000343649,187,175.04,0.007259
329836963,1755000343462,1755000343649,187,175.04,0.007259
329836964,1755000343462,1755000343656,194,175.04,0.007259
329836965,1755000343462,1755000343656,194,175.04,0.007259
329836966,1755000343462,1755000343656,194,175.04,0.007259
329836967,1755000343462,1755000343656,194,175.04,0.007259
329836968,1755000343462,1755000343656,194,175.04,0.007259
329836969,1755000343462,1755000343656,194,175.04,0.007259
329836970,1755000343462,1755000343656,194,175.04,0.007259
329836971,1755000343462,1755000343656,194,175.04,0.007259
329836972,1755000343462,1755000343656,194,175.04,0.007259
329836973,1755000343462,1755000343656,194,175.04,0.007259
329836974,1755000343462,1755000343656,194,175.04,0.007259
329836975,1755000343462,1755000343656,194,175.04,0.007259
329836976,1755000343462,1755000343656,194,175.04,0.007259
329836977,1755000343462,1755000343656,194,175.04,0.007259
329836978,1755000343462,1755000343656,194,175.04,0.007259
329836979,1755000343462,1755000343656,194,175.04,0.007259
329836980,1755000343462,1755000343656,194,175.04,0.007259
329836981,1755000343636,1755000343756,120,175.04,0.007259
329836985,1755000344414,1755000344524,110,175.03,1.265034
329836986,1755000345288,1755000345401,113,175.03,0.224018
329836987,1755000347752,1755000347867,115,175.03,0.04591
329837000,1755000349093,1755000349203,110,175.02,1.1236
329837001,1755000350445,1755000350558,113,175.02,0.000088
329837008,1755000350445,1755000350558,113,175,1.982912
329837009,1755000359557,1755000359669,112,175.01,0.298242
329837010,1755000359617,1755000359729,112,175.02,0.975148
329837011,1755000360111,1755000360228,117,175.03,0.975148
329837013,1755000360279,1755000360388,109,175.05,1.1752
329837014,1755000360287,1755000360396,109,175.05,0.000064
329837015,1755000365171,1755000365284,113,175.06,0.6117
329837016,1755000368447,1755000368560,113,175.03,0.00132
329837017,1755000368447,1755000368560,113,175.03,0.002719
329837018,1755000368955,1755000369067,112,175.03,0.97514
329837019,1755000368967,1755000369078,111,175.03,0.000008
329837020,1755000372667,1755000372776,109,175.03,0.062842
329837021,1755000375146,1755000375261,115,175.03,0.03838
329837023,1755000375548,1755000375680,132,175.02,1.01974
329837024,1755000375557,1755000375680,123,175.02,0.000002
329837025,1755000375571,1755000375686,115,175.01,0.048001
329837027,1755000377750,1755000377860,110,175.01,19.313561
329837028,1755000377799,1755000377912,113,175.03,0.975148
329837029,1755000377800,1755000377915,115,175.04,1
329837030,1755000377802,1755000377915,113,175.04,5.716246
329837031,1755000379617,1755000379729,112,175.03,0.930931
329837032,1755000379932,1755000380044,112,175.02,0.975148
329837044,1755000381628,1755000381747,119,175,17.875428
329837049,1755000381633,1755000381758,125,174.99,1.0218
329837050,1755000381636,1755000381761,125,174.99,0.000068
329837055,1755000382494,1755000382606,112,174.98,8.239928
329837056,1755000384121,1755000384233,112,174.98,3.428571
329837067,1755000384934,1755000385045,111,174.97,0.260618
329837068,1755000385837,1755000385951,114,174.98,0.249457
329837069,1755000387089,1755000387199,110,174.97,0.787792
329837070,1755000396490,1755000396599,109,174.99,0.975148
329837071,1755000396700,1755000396810,110,175,0.975148
329837072,1755000396735,1755000396844,109,175.01,0.347195
329837073,1755000398571,1755000398680,109,175.02,0.975148
329837074,1755000398862,1755000398974,112,175.02,0.039204
329837075,1755000399021,1755000399129,108,175.02,0.026413
329837077,1755000402454,1755000402575,121,175.03,1.153
329837078,1755000402457,1755000402575,118,175.03,0.000091
329837088,1755000402457,1755000402575,118,175.04,0.220389
329837090,1755000402695,1755000402808,113,175.05,1.175264
329837092,1755000402695,1755000402808,113,175.06,8.938706
329837093,1755000404874,1755000404984,110,175.06,0.118854
329837094,1755000405558,1755000405670,112,175.05,0.975148
329837097,1755000405558,1755000405670,112,175.03,1.039516
329837098,1755000405558,1755000405670,112,175.02,6.285336
329837099,1755000406537,1755000406649,112,175.02,0.97514
329837100,1755000406547,1755000406657,110,175.02,0.000008
329837101,1755000406561,1755000406670,109,175,0.86
329837103,1755000406562,1755000406671,109,175,0.315264
329837104,1755000406562,1755000406671,109,174.99,0.174736
329837105,1755000406562,1755000406671,109,174.99,0.57
329837106,1755000406564,1755000406672,108,174.99,0.98
329837107,1755000406564,1755000406674,110,174.99,0.24
329837108,1755000406569,1755000406681,112,174.99,0.57
329837109,1755000406571,1755000406682,111,174.99,0.98
329837110,1755000406573,1755000406682,109,174.99,0.86
329837111,1755000406574,1755000406683,109,174.99,0.57
329837112,1755000406576,1755000406685,109,174.99,0.57
329837113,1755000406577,1755000406686,109,174.99,0.57
329837114,1755000406577,1755000406686,109,174.99,0.98
329837115,1755000406578,1755000406687,109,174.99,0.98
329837116,1755000406579,1755000406687,108,174.99,0.98
329837117,1755000406581,1755000406690,109,174.99,0.57
329837118,1755000406634,1755000406743,109,174.99,0.569642
329837119,1755000406642,1755000406750,108,174.99,0.979384
329837120,1755000408500,1755000408618,118,174.99,0.074582
329837122,1755000409353,1755000409462,109,174.99,3.349685
329837124,1755000415121,1755000415235,114,174.98,1.085193
329837134,1755000415121,1755000415235,114,174.97,0.457585
329837142,1755000415121,1755000415235,114,174.96,12.642943
329837143,1755000415638,1755000415750,112,174.96,3.0579
329837144,1755000416941,1755000417058,117,174.98,0.975148
329837146,1755000418666,1755000418783,117,174.98,0.58523
329837147,1755000423743,1755000423856,113,174.97,0.114043
329837148,1755000424150,1755000424262,112,174.97,1.28706
329837149,1755000426524,1755000426636,112,174.98,4.996
329837150,1755000433126,1755000433238,112,174.96,0.094685
329837151,1755000435671,1755000435791,120,174.97,0.3
329837152,1755000439154,1755000439268,114,174.97,0.051434
329837153,1755000447290,1755000447400,110,174.97,0.390815
329837154,1755000448704,1755000448816,112,174.99,0.200011
329837155,1755000449327,1755000449439,112,174.98,0.041419
329837158,1755000449410,1755000449519,109,174.99,3.72
329837166,1755000449410,1755000449519,109,174.99,9.627229
329837167,1755000449519,1755000449628,109,175,0.975148
329837168,1755000450747,1755000450868,121,175.01,0.347202
329837169,1755000450840,1755000450954,114,175.02,0.975148
329837170,1755000451141,1755000451250,109,175.03,0.975148
329837180,1755000451147,1755000451256,109,175.04,0.220389
329837182,1755000452554,1755000452674,120,175.05,1.175264
329837184,1755000452556,1755000452674,118,175.06,3.42
329837185,1755000452567,1755000452679,112,175.06,0.003288
329837187,1755000455246,1755000455358,112,175.06,0.262187
329837188,1755000455365,1755000455476,111,175.07,0.975148
329837193,1755000455367,1755000455477,110,175.08,0.155432
329837194,1755000456228,1755000456346,118,175.08,1.318253
329837195,1755000456371,1755000456488,117,175.09,0.239591
329837196,1755000456463,1755000456576,113,175.08,1.141322
329837197,1755000456560,1755000456676,116,175.09,0.735557
329837212,1755000456562,1755000456677,115,175.1,5.856616
329837222,1755000456562,1755000456677,115,175.11,0.111844
329837224,1755000457514,1755000457626,112,175.12,1.785148
329837225,1755000457595,1755000457734,139,175.13,0.975148
329837226,1755000457618,1755000457734,116,175.14,0.975148
329837229,1755000457618,1755000457734,116,175.15,0.350184
329837231,1755000461395,1755000461504,109,175.16,1.085193
329837232,1755000464453,1755000464562,109,175.14,0.97514
329837233,1755000464457,1755000464566,109,175.14,0.000008
329837234,1755000464719,1755000464828,109,175.13,0.975148
329837235,1755000465407,1755000465517,110,175.12,0.975148
329837237,1755000465407,1755000465517,110,175.11,0.383091
329837240,1755000469421,1755000469530,109,175.1,1.285309
329837241,1755000469575,1755000469686,111,175.09,0.29
329837242,1755000469575,1755000469686,111,175.09,0.26
329837243,1755000469575,1755000469686,111,175.09,0.14
329837244,1755000469576,1755000469686,110,175.09,0.13
329837245,1755000470888,1755000470997,109,175.09,0.15514
329837246,1755000470890,1755000470999,109,175.09,0.000008
329837247,1755000470949,1755000471058,109,175.07,0.02
329837248,1755000470952,1755000471061,109,175.07,0.03
329837249,1755000470954,1755000471062,108,175.07,0.03
329837250,1755000470955,1755000471064,109,175.07,0.02
329837251,1755000471048,1755000471157,109,175.07,0.875148
329837252,1755000471346,1755000471461,115,175.06,0.975148
329837253,1755000471346,1755000471461,115,175.05,0.09551
329837255,1755000474734,1755000474843,109,175.05,1.07975
329837256,1755000474737,1755000474849,112,175.05,0.000004
329837258,1755000474986,1755000475098,112,175.05,1.703039
329837269,1755000475518,1755000475632,114,175.04,0.239849
329837270,1755000475519,1755000475632,113,175.04,0.109931
329837271,1755000475526,1755000475640,114,175.04,0.219862
329837273,1755000476306,1755000476419,113,175.04,3.45
329837274,1755000476431,1755000476545,114,175.05,0.289533
329837275,1755000478402,1755000478512,110,175.06,0.975148
329837276,1755000480657,1755000480768,111,175.07,0.975148
329837277,1755000487251,1755000487364,113,175.09,0.005711
329837278,1755000493543,1755000493661,118,175.07,1.740469
329837279,1755000493543,1755000493661,118,175.07,1.90068
329837281,1755000496577,1755000496686,109,175.09,1.326799
329837284,1755000498325,1755000498437,112,175.1,1.285309
329837293,1755000498338,1755000498447,109,175.11,0.110344
329837294,1755000502802,1755000502913,111,175.09,0.36
329837295,1755000502805,1755000502916,111,175.09,0.57
329837296,1755000502836,1755000502945,109,175.09,0.045148
329837298,1755000503132,1755000503242,110,175.09,0.771792
329837299,1755000506896,1755000507010,114,175.1,0.146272
329837300,1755000506896,1755000507011,115,175.1,0.146273
329837301,1755000506897,1755000507011,114,175.1,0.146272
329837302,1755000506897,1755000507011,114,175.1,0.146272
329837303,1755000508091,1755000508204,113,175.1,0.390059
329837304,1755000508231,1755000508344,113,175.12,0.975148
329837305,1755000511527,1755000511640,113,175.1,0.08
329837306,1755000511527,1755000511640,113,175.1,0.19
329837307,1755000511530,1755000511640,110,175.1,0.1
329837308,1755000511543,1755000511657,114,175.1,0.605148
329837310,1755000512013,1755000512123,110,175.09,1.014933
329837311,1755000520211,1755000520327,116,175.08,0.112811
329837312,1755000520658,1755000520770,112,175.07,0.281439
329837313,1755000520699,1755000520811,112,175.08,0.280452
329837314,1755000525317,1755000525426,109,175.1,0.975148
329837315,1755000533133,1755000533243,110,175.1,2
329837316,1755000535702,1755000535811,109,175.09,0.975148
329837317,1755000535814,1755000535927,113,175.07,0.08
329837318,1755000535820,1755000535932,112,175.07,0.1
329837319,1755000535821,1755000535932,111,175.07,0.19
329837320,1755000540119,1755000540231,112,175.08,0.574594
329837321,1755000541338,1755000541450,112,175.07,0.323709
329837322,1755000543822,1755000543943,121,175.07,0.050023
329837323,1755000545333,1755000545445,112,175.06,0.975148
329837329,1755000545358,1755000545467,109,175.05,13.942987
329837330,1755000545387,1755000545499,112,175.04,0.08
329837331,1755000545392,1755000545504,112,175.04,0.05
329837332,1755000545394,1755000545505,111,175.04,0.13
329837333,1755000545395,1755000545505,110,175.04,0.1
329837335,1755000545396,1755000545507,111,175.04,0.11
329837346,1755000545407,1755000545516,109,175.04,0.205345
329837348,1755000547034,1755000547146,112,175.03,25.030082
329837349,1755000547507,1755000547617,110,175.04,0.088634
329837350,1755000549268,1755000549383,115,175.05,0.006779
329837351,1755000551597,1755000551711,114,175.03,0.062837
329837352,1755000554691,1755000554803,112,175.03,14.98
329837366,1755000554691,1755000554804,113,175.02,20.781733
329837367,1755000555954,1755000556067,113,175.02,0.056579
329837369,1755000556005,1755000556115,110,175.02,0.114597
329837370,1755000556938,1755000557047,109,175.01,0.062845
329837371,1755000565853,1755000565967,114,175.03,0.975148
329837372,1755000565853,1755000565967,114,175.04,23.550536
329837373,1755000566002,1755000566111,109,175.04,0.460896
329837376,1755000569279,1755000569388,109,175.05,1.862196
329837377,1755000569283,1755000569392,109,175.05,1.863572
329837379,1755000569284,1755000569392,108,175.05,1.240088
329837380,1755000569596,1755000569705,109,175.06,0.9751
329837381,1755000569607,1755000569718,111,175.06,0.000048
329837382,1755000569691,1755000569818,127,175.07,0.975148
329837383,1755000569846,1755000569958,112,175.09,0.290182
329837384,1755000569846,1755000569958,112,175.09,0.146272
329837385,1755000569950,1755000570062,112,175.09,0.290182
329837387,1755000569951,1755000570063,112,175.09,0.290181
329837389,1755000577123,1755000577236,113,175.08,11.42705
329837390,1755000577124,1755000577236,112,175.08,3.149657
329837391,1755000580753,1755000580865,112,175.08,0.520726
329837392,1755000581198,1755000581313,115,175.09,0.182763
329837393,1755000583855,1755000583964,109,175.09,5
329837395,1755000585901,1755000586012,111,175.09,0.7135
329837396,1755000585908,1755000586018,110,175.09,0.000081
329837397,1755000587071,1755000587183,112,175.1,0.28601
329837398,1755000587071,1755000587183,112,175.1,0.28601
329837399,1755000587072,1755000587186,114,175.1,0.28601
329837401,1755000587072,1755000587186,114,175.1,0.28601
329837414,1755000587072,1755000587186,114,175.1,0.276847
329837424,1755000587306,1755000587424,118,175.11,0.74207
329837426,1755000587593,1755000587705,112,175.11,1.669656
329837427,1755000587631,1755000587744,113,175.11,0.556551
329837428,1755000587689,1755000587801,112,175.12,0.975148
329837429,1755000594230,1755000594353,123,175.13,0.285453
329837430,1755000594664,1755000594779,115,175.13,0.6896
329837431,1755000594667,1755000594792,125,175.13,0.000095
329837433,1755000598531,1755000598649,118,175.14,4.843789
329837434,1755000598537,1755000598649,112,175.15,0.200116
329837435,1755000603575,1755000603684,109,175.16,0.075363
329837436,1755000603674,1755000603786,112,175.15,0.062803
329837437,1755000604351,1755000604460,109,175.15,0.069083
329837438,1755000604446,1755000604558,112,175.15,0.062803
329837439,1755000604522,1755000604634,112,175.15,0.226091
329837440,1755000604599,1755000604709,110,175.15,0.062803
329837441,1755000604681,1755000604793,112,175.15,0.062803
329837442,1755000604756,1755000604868,112,175.15,0.069083
329837443,1755000604788,1755000604899,111,175.15,0.075363
329837444,1755000604822,1755000604931,109,175.15,0.069083
329837445,1755000604887,1755000605002,115,175.15,0.314016
329837446,1755000604919,1755000605028,109,175.15,0.188409
329837447,1755000604995,1755000605107,112,175.15,0.069083
329837448,1755000606652,1755000606761,109,175.15,0.036149
329837449,1755000610270,1755000610384,114,175.14,0.144512
329837450,1755000612880,1755000612993,113,175.13,0.045694
329837451,1755000613715,1755000613827,112,175.13,0.03288
329837452,1755000614433,1755000614545,112,175.13,0.896574
329837453,1755000614588,1755000614708,120,175.12,0.975148
329837454,1755000614597,1755000614709,112,175.11,0.001501
329837455,1755000620782,1755000620894,112,175.11,2.259636
329837456,1755000629714,1755000629824,110,175.1,0.947143
329837457,1755000634578,1755000634693,115,175.11,0.23825
329837461,1755000635725,1755000635834,109,175.1,0.378705
329837462,1755000636381,1755000636493,112,175.1,0.358709
329837463,1755000636877,1755000636989,112,175.09,0.151066
329837464,1755000637360,1755000637469,109,175.1,0.399371
329837465,1755000639214,1755000639327,113,175.09,0.824082
329837468,1755000639214,1755000639327,113,175.07,12.971516
329837469,1755000639214,1755000639327,113,175.06,2.204402
329837470,1755000640234,1755000640348,114,175.07,10
329837471,1755000644997,1755000645106,109,175.07,1.296827
329837472,1755000646487,1755000646596,109,175.07,0.158355
329837473,1755000648313,1755000648422,109,175.06,0.25
329837474,1755000651346,1755000651458,112,175.06,0.725148
329837476,1755000654104,1755000654216,112,175.05,1.154393
329837477,1755000655440,1755000655549,109,175.05,0.007458
329837479,1755000656521,1755000656631,110,175.05,0.360486
329837489,1755000656527,1755000656640,113,175.04,0.220389
329837490,1755000660958,1755000661067,109,175.03,0.9751
329837491,1755000660992,1755000661101,109,175.03,0.000048
329837492,1755000660992,1755000661101,109,175.02,0.099952
329837493,1755000660996,1755000661106,110,175.02,0.22
329837494,1755000660998,1755000661112,114,175.02,0.11
329837495,1755000661002,1755000661112,110,175.02,0.2
329837496,1755000663328,1755000663439,111,175.02,0.053985
329837497,1755000664692,1755000664801,109,175.03,0.211335
329837509,1755000666761,1755000666871,110,175.02,0.42678
329837510,1755000666767,1755000666876,109,175.02,0.000009
329837511,1755000666823,1755000666934,111,175.01,0.04
329837512,1755000666828,1755000666942,114,175.01,0.05
329837515,1755000666833,1755000666943,110,175.01,0.1
329837516,1755000666836,1755000666945,109,175.01,0.013724
329837517,1755000666836,1755000666945,109,175,0.076276
329837518,1755000675173,1755000675283,110,175.03,0.037435
329837519,1755000675314,1755000675424,110,175.03,0.9377
329837520,1755000675317,1755000675426,109,175.03,0.000013
329837526,1755000675358,1755000675473,115,175.04,7.62
329837527,1755000675360,1755000675473,113,175.04,19.44
329837529,1755000675360,1755000675473,113,175.04,9.51
329837530,1755000675360,1755000675473,113,175.04,9.4828
329837531,1755000675704,1755000675822,118,175.04,1
329837532,1755000675944,1755000676062,118,175.04,1.802638
329837533,1755000676630,1755000676738,108,175.04,3.965799
329837534,1755000676633,1755000676742,109,175.05,0.975148
329837535,1755000676633,1755000676742,109,175.06,0.975148
329837539,1755000676633,1755000676742,109,175.07,3.765296
329837540,1755000676988,1755000677100,112,175.08,0.15425
329837541,1755000676988,1755000677100,112,175.08,0.15425
329837542,1755000676989,1755000677101,112,175.08,0.15425
329837543,1755000679311,1755000679419,108,175.08,2.147076
329837544,1755000681426,1755000681535,109,175.07,1.80979
329837547,1755000692026,1755000692141,115,175.06,1.061756
329837548,1755000693053,1755000693166,113,175.06,1.3
329837549,1755000694124,1755000694232,108,175.06,0.15425
329837551,1755000696746,1755000696859,113,175.05,1.28
329837552,1755000696747,1755000696859,112,175.05,0.002547
329837553,1755000696762,1755000696875,113,175.03,0.26
329837554,1755000696765,1755000696875,110,175.03,0.14
329837555,1755000696765,1755000696875,110,175.03,0.29
329837556,1755000696817,1755000696929,112,175.03,0.285148
329837557,1755000703785,1755000703894,109,175.04,2.988
329837558,1755000712583,1755000712695,112,175.05,0.028449
329837559,1755000715064,1755000715176,112,175.04,2
329837560,1755000720501,1755000720615,114,175.04,0.074243
329837561,1755000721258,1755000721370,112,175.05,0.946699
329837562,1755000721358,1755000721466,108,175.06,0.975148
329837564,1755000721831,1755000721949,118,175.07,1.28253
329837566,1755000724359,1755000724471,112,175.09,2.284539
329837567,1755000725220,1755000725336,116,175.09,0.072546
329837568,1755000735214,1755000735323,109,175.09,3.426613
329837570,1755000737111,1755000737220,109,175.09,23.763387
329837573,1755000737111,1755000737220,109,175.1,35.664032
329837590,1755000737111,1755000737220,109,175.1,59.427419
329837593,1755000737111,1755000737221,110,175.1,59.427419
329837594,1755000737111,1755000737221,110,175.1,0.51623
329837595,1755000740437,1755000740548,111,175.1,0.062823
329837605,1755000748026,1755000748135,109,175.11,0.239563
329837606,1755000748567,1755000748679,112,175.11,2.489
329837607,1755000748577,1755000748686,109,175.11,0.145341
329837608,1755000748815,1755000748929,114,175.12,0.975148
329837609,1755000751982,1755000752097,115,175.13,0.975148
329837611,1755000751991,1755000752109,118,175.14,1.113944
329837612,1755000751997,1755000752121,124,175.15,0.200116
329837613,1755000754387,1755000754499,112,175.15,0.062803
329837614,1755000755659,1755000755771,112,175.13,2.724913
329837615,1755000765495,1755000765604,109,175.14,0.036542
329837616,1755000772713,1755000772828,115,175.15,0.096494
329837617,1755000772713,1755000772828,115,175.15,0.096494
329837618,1755000772713,1755000772828,115,175.15,0.096494
329837619,1755000772713,1755000772828,115,175.15,0.096494
329837620,1755000772713,1755000772828,115,175.15,0.096494
329837621,1755000772713,1755000772828,115,175.15,0.096494
329837622,1755000772713,1755000772828,115,175.15,0.096494
329837623,1755000772713,1755000772829,116,175.15,0.096494
329837624,1755000772713,1755000772829,116,175.15,0.096494
329837625,1755000772713,1755000772829,116,175.15,0.096494
329837626,1755000772713,1755000772829,116,175.15,0.096494
329837627,1755000772713,1755000772829,116,175.15,0.096494
329837628,1755000772713,1755000772829,116,175.15,0.096494
329837629,1755000772713,1755000772829,116,175.15,0.096494
329837630,1755000772713,1755000772829,116,175.15,0.096494
329837631,1755000772713,1755000772829,116,175.15,0.096494
329837632,1755000772713,1755000772829,116,175.15,0.096494
329837633,1755000772713,1755000772829,116,175.15,0.096494
329837634,1755000772713,1755000772829,116,175.15,0.096494
329837635,1755000772713,1755000772829,116,175.15,0.096494
329837636,1755000772713,1755000772829,116,175.15,0.096494
329837637,1755000772713,1755000772829,116,175.15,0.096494
329837638,1755000772713,1755000772829,116,175.15,0.096494
329837639,1755000772713,1755000772830,117,175.15,0.096494
329837640,1755000772713,1755000772830,117,175.15,0.096494
329837641,1755000772713,1755000772830,117,175.15,0.096494
329837642,1755000772713,1755000772830,117,175.15,0.096494
329837643,1755000772713,1755000772830,117,175.15,0.096494
329837644,1755000772713,1755000772831,118,175.15,0.096494
329837645,1755000772713,1755000772839,126,175.15,0.096494
329837646,1755000772713,1755000772839,126,175.15,0.096494
329837647,1755000772713,1755000772839,126,175.15,0.096494
329837648,1755000772713,1755000772839,126,175.15,0.096494
329837649,1755000772713,1755000772839,126,175.15,0.096494
329837650,1755000772713,1755000772839,126,175.15,0.096494
329837651,1755000772713,1755000772839,126,175.15,0.096494
329837652,1755000772713,1755000772840,127,175.15,0.096494
329837653,1755000772713,1755000772840,127,175.15,0.096494
329837654,1755000772713,1755000772840,127,175.15,0.096494
329837655,1755000772713,1755000772840,127,175.15,0.096494
329837656,1755000772713,1755000772840,127,175.15,0.096494
329837657,1755000772713,1755000772840,127,175.15,0.096494
329837658,1755000772713,1755000772840,127,175.15,0.096494
329837659,1755000772713,1755000772841,128,175.15,0.096494
329837660,1755000772713,1755000772841,128,175.15,0.096494
329837661,1755000772713,1755000772841,128,175.15,0.096494
329837662,1755000772713,1755000772841,128,175.15,0.096494
329837663,1755000772713,1755000772841,128,175.15,0.096494
329837664,1755000772713,1755000772841,128,175.15,0.096494
329837665,1755000772713,1755000772841,128,175.15,0.096494
329837666,1755000772713,1755000772842,129,175.15,0.096494
329837667,1755000772713,1755000772842,129,175.15,0.096494
329837668,1755000772713,1755000772842,129,175.15,0.096494
329837669,1755000772713,1755000772842,129,175.15,0.096494
329837670,1755000772713,1755000772842,129,175.15,0.096494
329837671,1755000772713,1755000772843,130,175.15,0.096494
329837672,1755000772714,1755000772843,129,175.15,0.096494
329837673,1755000772714,1755000772843,129,175.15,0.096494
329837674,1755000772714,1755000772843,129,175.15,0.096494
329837675,1755000772714,1755000772843,129,175.15,0.096494
329837676,1755000772714,1755000772843,129,175.15,0.096494
329837677,1755000772714,1755000772843,129,175.15,0.096494
329837678,1755000772714,1755000772843,129,175.15,0.096494
329837679,1755000772714,1755000772844,130,175.15,0.096494
329837680,1755000772714,1755000772844,130,175.15,0.096494
329837681,1755000772714,1755000772844,130,175.15,0.096494
329837682,1755000772714,1755000772844,130,175.15,0.096494
329837683,1755000772714,1755000772844,130,175.15,0.096494
329837684,1755000772714,1755000772844,130,175.15,0.096494
329837685,1755000772714,1755000772844,130,175.15,0.096494
329837686,1755000772714,1755000772845,131,175.15,0.096494
329837687,1755000772714,1755000772845,131,175.15,0.096494
329837688,1755000772714,1755000772845,131,175.15,0.096494
329837689,1755000772714,1755000772845,131,175.15,0.096494
329837690,1755000772714,1755000772845,131,175.15,0.096494
329837691,1755000772714,1755000772845,131,175.15,0.096494
329837692,1755000772714,1755000772846,132,175.15,0.096494
329837693,1755000772714,1755000772846,132,175.15,0.096494
329837694,1755000772714,1755000772846,132,175.15,0.096494
329837695,1755000772714,1755000772846,132,175.15,0.096494
329837696,1755000772714,1755000772846,132,175.15,0.096494
329837697,1755000772714,1755000772846,132,175.15,0.096494
329837698,1755000772714,1755000772846,132,175.15,0.096494
329837699,1755000772714,1755000772847,133,175.15,0.096494
329837700,1755000772714,1755000772847,133,175.15,0.096494
329837701,1755000772714,1755000772847,133,175.15,0.096494
329837702,1755000772714,1755000772847,133,175.15,0.096494
329837703,1755000772714,1755000772853,139,175.15,0.096494
329837704,1755000772714,1755000772853,139,175.15,0.096494
329837705,1755000772714,1755000772853,139,175.15,0.096494
329837706,1755000772714,1755000772853,139,175.15,0.096494
329837707,1755000772714,1755000772853,139,175.15,0.096494
329837708,1755000772714,1755000772853,139,175.15,0.096494
329837709,1755000772714,1755000772853,139,175.15,0.096494
329837710,1755000772714,1755000772853,139,175.15,0.096494
329837711,1755000772714,1755000772853,139,175.15,0.096494
329837712,1755000772714,1755000772853,139,175.15,0.096494
329837713,1755000772714,1755000772853,139,175.15,0.096494
329837714,1755000772714,1755000772853,139,175.15,0.096494
329837715,1755000772714,1755000772853,139,175.15,0.096494
329837716,1755000772714,1755000772853,139,175.15,0.096494
329837717,1755000772714,1755000772857,143,175.15,0.096494
329837718,1755000772714,1755000772857,143,175.15,0.096494
329837719,1755000772714,1755000772857,143,175.15,0.096494
329837720,1755000772714,1755000772857,143,175.15,0.096494
329837721,1755000772714,1755000772857,143,175.15,0.096494
329837722,1755000772714,1755000772857,143,175.15,0.096494
329837723,1755000772714,1755000772857,143,175.15,0.096494
329837724,1755000772714,1755000772857,143,175.15,0.096494
329837725,1755000772714,1755000772857,143,175.15,0.096494
329837726,1755000772714,1755000772857,143,175.15,0.096494
329837727,1755000772714,1755000772857,143,175.15,0.096494
329837728,1755000772714,1755000772857,143,175.15,0.096494
329837729,1755000772714,1755000772857,143,175.15,0.096494
329837730,1755000772714,1755000772860,146,175.15,0.096494
329837731,1755000772714,1755000772860,146,175.15,0.096494
329837732,1755000772714,1755000772860,146,175.15,0.096494
329837733,1755000772714,1755000772860,146,175.15,0.096494
329837734,1755000772714,1755000772860,146,175.15,0.096494
329837735,1755000772714,1755000772860,146,175.15,0.096494
329837736,1755000772714,1755000772860,146,175.15,0.096494
329837737,1755000772714,1755000772861,147,175.15,0.096494
329837738,1755000772714,1755000772861,147,175.15,0.096494
329837739,1755000772714,1755000772861,147,175.15,0.096494
329837741,1755000772714,1755000772861,147,175.15,0.096494
329837742,1755000772714,1755000772861,147,175.15,0.096494
329837743,1755000772714,1755000772861,147,175.15,0.096494
329837744,1755000772714,1755000772861,147,175.15,0.096494
329837745,1755000772714,1755000772861,147,175.15,0.096494
329837746,1755000772714,1755000772861,147,175.15,0.096494
329837747,1755000772714,1755000772861,147,175.15,0.096494
329837748,1755000772714,1755000772861,147,175.15,0.096494
329837749,1755000772714,1755000772861,147,175.15,0.096494
329837750,1755000772714,1755000772861,147,175.15,0.096494
329837751,1755000772714,1755000772861,147,175.15,0.096494
329837752,1755000772714,1755000772861,147,175.15,0.096494
329837754,1755000774113,1755000774225,112,175.16,1
329837755,1755000774517,1755000774627,110,175.16,0.00983
329837758,1755000776530,1755000776641,111,175.16,8
329837759,1755000778794,1755000778903,109,175.17,0.075697
329837760,1755000783000,1755000783111,111,175.16,0.01
329837762,1755000791881,1755000791990,109,175.16,10.416094
329837763,1755000794030,1755000794153,123,175.15,3.508904
329837766,1755000794221,1755000794333,112,175.14,12.461637
329837768,1755000794221,1755000794333,112,175.13,1.660469
329837769,1755000794221,1755000794334,113,175.12,41.777907
329837772,1755000795746,1755000795856,110,175.12,8.884589
329837773,1755000796992,1755000797102,110,175.11,5.003259
329837778,1755000804398,1755000804510,112,175.1,7.798179
329837779,1755000807278,1755000807390,112,175.09,0.662994
329837781,1755000807278,1755000807390,112,175.09,1.988982
329837782,1755000809697,1755000809811,114,175.07,0.4
329837783,1755000813678,1755000813790,112,175.1,0.069407
329837784,1755000820780,1755000820896,116,175.1,0.905741
329837786,1755000820780,1755000820896,116,175.12,51.624627
329837787,1755000822091,1755000822203,112,175.11,0.54261
329837788,1755000823622,1755000823735,113,175.1,0.375633
329837789,1755000829689,1755000829798,109,175.09,0.975148
329837791,1755000829689,1755000829798,109,175.08,10.356229
329837792,1755000831507,1755000831616,109,175.09,0.07
329837794,1755000836659,1755000836768,109,175.1,2.506665
329837795,1755000840810,1755000840936,126,175.12,0.975148
329837796,1755000840812,1755000840936,124,175.13,0.975148
329837797,1755000840812,1755000840936,124,175.14,0.024852
329837799,1755000841110,1755000841222,112,175.14,1.257552
329837802,1755000843823,1755000843942,119,175.14,13.331315
329837803,1755000845428,1755000845542,114,175.14,2.631377
329837804,1755000845912,1755000846024,112,175.13,0.975148
329837805,1755000846005,1755000846121,116,175.13,0.286929
329837807,1755000847073,1755000847182,109,175.12,1.282422
332288771,1755169682508,1755169682620,112,202.1,0.122401
332288773,1755169682707,1755169682819,112,202.1,5.748
332288780,1755169683098,1755169683211,113,202.08,1.236531
332288786,1755169683098,1755169683211,113,202.07,14.264833
332288799,1755169683098,1755169683211,113,202.06,39.277182
332288805,1755169683098,1755169683211,113,202.05,7.933117
332288809,1755169683098,1755169683211,113,202.04,37.188337
332288810,1755169683437,1755169683549,112,202.06,0.05
332288812,1755169683440,1755169683551,111,202.05,2
332288822,1755169683741,1755169683853,112,202.03,0.219224
332288824,1755169683753,1755169683872,119,202.02,1.170067
332288826,1755169684133,1755169684248,115,202.01,1.297673
332288848,1755169684144,1755169684258,114,202,18.09442
332288849,1755169684148,1755169684259,111,202,2.379303
332288850,1755169684149,1755169684265,116,202,0.145485
332288851,1755169685406,1755169685520,114,202.02,2
332288852,1755169685848,1755169685963,115,202.02,0.05
332288853,1755169685853,1755169685965,112,202.01,0.989723
332288854,1755169687572,1755169687687,115,202,2
332288856,1755169688564,1755169688676,112,202.01,2
332288857,1755169689804,1755169689917,113,202,2
332288858,1755169689806,1755169689918,112,202,6.988478
332288859,1755169689838,1755169689950,112,202,1.42
332288860,1755169689840,1755169689952,112,202,26.5948
332289031,1755169689840,1755169689954,114,202,58.78
332289032,1755169689841,1755169689955,114,202,6.81
332289036,1755169689841,1755169689955,114,202,42.385325
332289037,1755169689845,1755169689958,113,201.99,8.204531
332289084,1755169689856,1755169689968,112,201.99,7.012926
332289098,1755169690001,1755169690116,115,201.98,17.512234
332289099,1755169690006,1755169690119,113,201.98,0.806484
332289100,1755169690013,1755169690126,113,201.98,0.67207
332289102,1755169690023,1755169690135,112,201.98,0.67207
332289107,1755169690104,1755169690217,113,201.97,0.289
332289109,1755169690230,1755169690342,112,201.97,0.050724
332289135,1755169690243,1755169690356,113,201.96,0.68665
332289138,1755169690389,1755169690525,136,201.96,14.23
332289139,1755169690390,1755169690525,135,201.96,4.317386
332289144,1755169690390,1755169690525,135,201.96,35.684596
332289148,1755169690390,1755169690525,135,201.96,56.92
332289149,1755169690390,1755169690526,136,201.96,2.14
332289150,1755169690390,1755169690526,136,201.96,0.113243
332289151,1755169690391,1755169690528,137,201.97,9.997373
332289152,1755169690391,1755169690528,137,201.97,2.502627
332289153,1755169690394,1755169690533,139,201.98,5.18
332289158,1755169690394,1755169690533,139,201.98,7.416536
332289160,1755169690577,1755169690689,112,201.99,2
332289161,1755169690765,1755169690877,112,201.98,0.00553
332289162,1755169690962,1755169691074,112,201.99,0.059262
332289163,1755169691180,1755169691294,114,201.99,2
332289164,1755169691189,1755169691301,112,202,0.24
332289165,1755169691205,1755169691318,113,202,0.04
332289168,1755169691243,1755169691355,112,202,0.072402
332289169,1755169691718,1755169691833,115,202,0.05
332289170,1755169691915,1755169692027,112,201.99,0.05
332289171,1755169691991,1755169692104,113,201.99,0.107827
332289172,1755169692799,1755169692914,115,201.99,0.05
332289177,1755169693030,1755169693145,115,201.98,21.752457
332289178,1755169693030,1755169693145,115,201.98,0.959668
332289179,1755169693032,1755169693146,114,201.98,7.692332
332289181,1755169693393,1755169693506,113,201.98,10.541
332289182,1755169693394,1755169693506,112,201.98,0.000343
332289188,1755169693506,1755169693618,112,201.96,0.326929
332289190,1755169693520,1755169693633,113,201.96,0.37
332289191,1755169693527,1755169693639,112,201.96,0.06
332289192,1755169693795,1755169693911,116,201.96,0.01
332289193,1755169693952,1755169694064,112,201.96,0.042315
332289194,1755169694028,1755169694140,112,201.96,0.3
332289201,1755169695301,1755169695415,114,201.95,0.183096
332289203,1755169695333,1755169695464,131,201.95,3.939399
332289204,1755169695334,1755169695466,132,201.95,5.911324
332289210,1755169695334,1755169695466,132,201.95,71.12562
332289212,1755169695335,1755169695466,131,201.96,22.793612
332289214,1755169695335,1755169695479,144,201.96,1.838914
332289215,1755169695341,1755169695479,138,201.97,1.48437
332289220,1755169695343,1755169695480,137,201.98,1.127536
332289221,1755169695383,1755169695497,114,201.99,0.180393
332289225,1755169695814,1755169695930,116,202,0.16779
332289226,1755169695820,1755169695935,115,202,0.000008
332289227,1755169695820,1755169695935,115,202.01,1.999992
332289229,1755169696346,1755169696462,116,202.01,8.552986
332289231,1755169696393,1755169696510,117,202.02,0.44908
332289232,1755169696400,1755169696518,118,202.02,0.000007
332289239,1755169696447,1755169696576,129,202.03,0.13295
332289240,1755169696451,1755169696577,126,202.03,0.000002
332289241,1755169696451,1755169696577,126,202.04,0.0015
332289248,1755169696451,1755169696577,126,202.05,1.998498
332289257,1755169696582,1755169696694,112,202.06,0.110344
332289261,1755169696583,1755169696696,113,202.07,0.048554
332289263,1755169697275,1755169697387,112,202.07,1.039429
332289265,1755169697275,1755169697387,112,202.06,17.534205
332289267,1755169698719,1755169698834,115,202.06,0.074
332289274,1755169699774,1755169699886,112,202.08,2
332289275,1755169699802,1755169699918,116,202.07,2.73065
332289276,1755169701913,1755169702024,111,202.08,2
332289278,1755169702082,1755169702197,115,202.07,1.811028
332289279,1755169702426,1755169702537,111,202.07,0.494878
332289280,1755169702450,1755169702561,111,202.07,2
332289282,1755169702882,1755169702997,115,202.06,1
332289283,1755169703387,1755169703503,116,202.06,0.183995
332289284,1755169703403,1755169703516,113,202.07,7.96239
332289285,1755169703406,1755169703517,111,202.07,0.000004
332289287,1755169703406,1755169703517,111,202.08,22.115917
332289290,1755169703418,1755169703530,112,202.09,1.479072
332289296,1755169703418,1755169703530,112,202.1,0.520928
332289302,1755169703453,1755169703573,120,202.11,0.45466
332289309,1755169703466,1755169703578,112,202.12,0.120955
332289318,1755169703503,1755169703621,118,202.13,0.110344
332289320,1755169703988,1755169704100,112,202.13,1.039135
332289321,1755169703988,1755169704100,112,202.12,0.329098
332289322,1755169704225,1755169704336,111,202.12,0.05
332289323,1755169704225,1755169704337,112,202.11,0.989233
332289330,1755169704296,1755169704408,112,202.1,21.151781
332289331,1755169704346,1755169704461,115,202.1,0.005
332289332,1755169704509,1755169704622,113,202.1,1.468997
332289334,1755169705139,1755169705251,112,202.1,2.43788
332289340,1755169705356,1755169705467,111,202.08,0.326928
332289346,1755169706924,1755169707036,112,202.07,0.367173
332289356,1755169706944,1755169707056,112,202.06,1.110344
332289361,1755169706999,1755169707114,115,202.05,0.276929
332289363,1755169707114,1755169707226,112,202.04,0.0515
332289372,1755169707148,1755169707260,112,202.03,0.169224
332289374,1755169707182,1755169707295,113,202.02,0.181893
332289375,1755169707289,1755169707404,115,202.01,0.05
332289383,1755169708479,1755169708594,115,202,4.660674
332289384,1755169708557,1755169708669,112,202,3
332290876,1755169824763,1755169824888,125,202.13,0.165668
332290877,1755169824813,1755169824937,124,202.14,4.186969
332290878,1755169824816,1755169824946,130,202.14,10.700031
332290882,1755169824820,1755169824946,126,202.15,2
332290883,1755169824893,1755169825015,122,202.15,3.416176
332290884,1755169824894,1755169825022,128,202.15,1.091279
332290886,1755169824903,1755169825026,123,202.15,7.638946
332290887,1755169824903,1755169825026,123,202.16,2.241054
332290888,1755169824912,1755169825038,126,202.16,4.820946
332290898,1755169824912,1755169825038,126,202.17,0.349617
332290899,1755169824912,1755169825038,126,202.18,2.459437
332290900,1755169825031,1755169825153,122,202.17,0.028551
332290901,1755169825153,1755169825286,133,202.17,0.004952
332290902,1755169825286,1755169825409,123,202.2,2
332290917,1755169825385,1755169825510,125,202.2,0.504792
332290926,1755169826676,1755169826802,126,202.22,2
332290927,1755169826683,1755169826805,122,202.22,1.036234
332290929,1755169826762,1755169826890,128,202.23,9.88
332290930,1755169826765,1755169826891,126,202.23,0.278393
332290937,1755169826765,1755169826891,126,202.24,0.088967
332290938,1755169826765,1755169826891,126,202.25,0.001344
332290946,1755169826765,1755169826891,126,202.26,4.242501
332290959,1755169826765,1755169826891,126,202.27,0.300201
332290962,1755169826765,1755169826891,126,202.28,5.238594
332290963,1755169827705,1755169827828,123,202.27,2
332290964,1755169827904,1755169828028,124,202.26,0.10005
332290968,1755169828734,1755169828856,122,202.26,6.278
332290969,1755169828946,1755169829074,128,202.26,0.18
332290972,1755169829496,1755169829621,125,202.27,2
332290977,1755169829541,1755169829670,129,202.26,34.766122
332290978,1755169829543,1755169829670,127,202.27,0.05
332290979,1755169829778,1755169829900,122,202.28,2
332290981,1755169830026,1755169830158,132,202.28,3.309
332290985,1755169830030,1755169830164,134,202.29,1.20713
332290986,1755169830034,1755169830164,130,202.3,2
332290988,1755169830143,1755169830268,125,202.3,0.75
332290992,1755169830143,1755169830268,125,202.31,0.048554
332290995,1755169830143,1755169830268,125,202.32,0.228662
332290996,1755169830143,1755169830268,125,202.33,0.013573
332290999,1755169830885,1755169831008,123,202.32,1.91987
332291000,1755169831104,1755169831227,123,202.33,0.05
332291015,1755169831691,1755169831815,124,202.34,2
332291017,1755169832125,1755169832254,129,202.34,1.64764
332291018,1755169832133,1755169832255,122,202.34,0.000002
332291019,1755169832210,1755169832338,128,202.35,0.18039
332291021,1755169832211,1755169832339,128,202.35,0.050003
332291032,1755169832211,1755169832339,128,202.36,1.02299
332291034,1755169832211,1755169832339,128,202.37,0.927007
332291035,1755169832219,1755169832350,131,202.37,0.05
332291036,1755169832222,1755169832350,128,202.37,0.05
332291037,1755169832412,1755169832546,134,202.37,0.05
332291041,1755169832697,1755169832830,133,202.38,2
332291047,1755169832850,1755169832972,122,202.38,31.348998
332291052,1755169834050,1755169834177,127,202.39,2
332291053,1755169834063,1755169834190,127,202.39,0.05
332291065,1755169835763,1755169835890,127,202.4,0.347641
332291083,1755169836146,1755169836269,123,202.41,2
332291084,1755169836211,1755169836336,125,202.41,4.445031
332291086,1755169836219,1755169836343,124,202.41,14.051033
332291088,1755169836219,1755169836343,124,202.4,5.136494
332291090,1755169836243,1755169836366,123,202.39,0.084261
332291092,1755169836442,1755169836566,124,202.39,0.049409
332291093,1755169836604,1755169836730,126,202.38,0.180393
332291100,1755169836613,1755169836738,125,202.36,0.120956
332291101,1755169836633,1755169836762,129,202.35,0.180393
332291114,1755169836893,1755169837018,125,202.34,0.24887
332291115,1755169836893,1755169837018,125,202.34,0.24887
332291116,1755169836898,1755169837026,128,202.33,0.117394
332291119,1755169836913,1755169837038,125,202.32,0.228662
332291123,1755169836920,1755169837042,122,202.31,0.048554
332291124,1755169836920,1755169837042,122,202.3,0.0015
332291126,1755169837617,1755169837742,125,202.33,2
332291129,1755169837663,1755169837785,122,202.34,0.299759
332291130,1755169837677,1755169837802,125,202.35,0.180393
332291136,1755169837677,1755169837802,125,202.36,0.096823
332291137,1755169837677,1755169837803,126,202.37,21.082784
332291138,1755169837695,1755169837817,122,202.38,0.180393
332291142,1755169837820,1755169837950,130,202.39,0.122402
332291147,1755169837860,1755169837982,122,202.4,0.74
332291148,1755169837861,1755169837983,122,202.4,0.006554
332291160,1755169837861,1755169837983,122,202.41,0.432206
332291162,1755169837861,1755169837983,122,202.42,0.003468
332291168,1755169837861,1755169837983,122,202.44,0.297772
332291173,1755169838255,1755169838380,125,202.41,0.276929
332291176,1755169838973,1755169839096,123,202.4,3.59
332291178,1755169839645,1755169839774,129,202.41,0.06
332291179,1755169839646,1755169839775,129,202.41,0.241409
332291180,1755169839652,1755169839775,123,202.43,2
332291181,1755169839703,1755169839830,127,202.43,0.24887
332291183,1755169839703,1755169839830,127,202.43,0.24887
332291184,1755169840307,1755169840434,127,202.42,6.443216
332291185,1755169841073,1755169841199,126,202.43,0.05
332291186,1755169841296,1755169841422,126,202.43,18.391874
332291195,1755169841330,1755169841453,123,202.44,2
332291197,1755169841422,1755169841544,122,202.44,2
332291202,1755169841774,1755169841896,122,202.45,0.098554
332291208,1755169841774,1755169841896,122,202.46,1.901446
332291209,1755169841930,1755169842052,122,202.46,2
332291211,1755169842203,1755169842330,127,202.46,0.266
332291213,1755169842303,1755169842430,127,202.47,0.182869
332291236,1755169842303,1755169842430,127,202.48,0.733969
332291238,1755169842303,1755169842430,127,202.49,1.083162
332291241,1755169842317,1755169842438,121,202.48,19.944423
332291243,1755169842553,1755169842678,125,202.49,2
332291244,1755169842559,1755169842681,122,202.49,0.05
332291265,1755169842559,1755169842681,122,202.5,10.23
332291266,1755169842567,1755169842689,122,202.5,9.87
332291267,1755169842567,1755169842689,122,202.5,10.28
332291269,1755169844026,1755169844150,124,202.47,0.448475
332291276,1755169844078,1755169844202,124,202.46,1.109683
332291280,1755169844085,1755169844210,125,202.45,0.048554
332291287,1755169844850,1755169844974,124,202.44,1
332291288,1755169845405,1755169845528,123,202.43,0.189067
332291290,1755169845533,1755169845694,161,202.42,9.87
332291292,1755169845540,1755169845694,154,202.42,14.81
332291306,1755169846314,1755169846438,124,202.41,0.387273
332291311,1755169846609,1755169846733,124,202.4,0.165887
332291312,1755169846611,1755169846736,125,202.39,0.024135
332291313,1755169846613,1755169846737,124,202.38,0.180393
332291314,1755169846689,1755169846814,125,202.38,2.011219
332291315,1755169847425,1755169847550,125,202.38,0.05
332291317,1755169847480,1755169847610,130,202.39,1.095518
332291319,1755169847480,1755169847610,130,202.4,0.904482
332291320,1755169847582,1755169847704,122,202.4,0.05
332291322,1755169847585,1755169847706,121,202.41,0.05
332291323,1755169847604,1755169847726,122,202.41,0.072377
332291326,1755169847753,1755169847884,131,202.41,0.383556
332291328,1755169847760,1755169847886,126,202.42,2
332291330,1755169848133,1755169848258,125,202.42,9.19459
332291332,1755169848595,1755169848723,128,202.43,7.45682
332291333,1755169848601,1755169848729,128,202.43,0.000002
332291339,1755169848601,1755169848730,129,202.44,0.349929
332291344,1755169848601,1755169848730,129,202.45,1.650069
332291345,1755169848617,1755169848742,125,202.45,2.563734
332291350,1755169848659,1755169848782,123,202.46,0.12067
332291351,1755169848659,1755169848782,123,202.47,0.126286
332291352,1755169848664,1755169848786,122,202.47,0.142934
332291353,1755169848690,1755169848813,123,202.47,0.180393
332291354,1755169848690,1755169848813,123,202.48,1.819607
332291357,1755169848859,1755169848982,123,202.47,31.173817
332291360,1755169848859,1755169848982,123,202.46,36.117675
332291361,1755169848859,1755169848982,123,202.45,12.5
332291368,1755169848867,1755169848988,121,202.44,0.302563
332291369,1755169848973,1755169849098,125,202.43,0.05
332291370,1755169849606,1755169849730,124,202.44,0.05
332291375,1755169849613,1755169849738,125,202.46,0.12067
332291376,1755169849613,1755169849738,125,202.47,0.180393
332291392,1755169849613,1755169849738,125,202.48,1.698937
332291393,1755169850359,1755169850480,121,202.46,0.013541
332291398,1755169850447,1755169850574,127,202.46,0.107129
332291406,1755169851115,1755169851237,122,202.44,0.403032
332291407,1755169851993,1755169852115,122,202.45,0.05
332291414,1755169852308,1755169852438,130,202.46,0.21267
332291415,1755169852648,1755169852778,130,202.46,0.003537
332291418,1755169853143,1755169853274,131,202.47,0.231393
332291425,1755169853343,1755169853474,131,202.48,2
332291426,1755169853663,1755169853790,127,202.48,0.05
332291428,1755169854219,1755169854346,127,202.49,2
332291432,1755169854397,1755169854522,125,202.49,12.24193
332291435,1755169855177,1755169855302,125,202.49,2
332291436,1755169856069,1755169856198,129,202.48,0.916483
332291437,1755169856074,1755169856199,125,202.48,6.300476
332291438,1755169856425,1755169856547,122,202.48,0.05
332291439,1755169857017,1755169857139,122,202.49,6.720896
332291440,1755169857593,1755169857717,124,202.5,2
332291444,1755169857768,1755169857892,124,202.49,19.8
332291445,1755169858930,1755169859055,125,202.5,2
332291446,1755169858933,1755169859055,122,202.5,10
332291447,1755169859345,1755169859474,129,202.5,2
332291448,1755169859385,1755169859508,123,202.5,0.013382
332291449,1755169859430,1755169859558,128,202.5,2
332291452,1755169859721,1755169859846,125,202.48,14.8
332291453,1755169859722,1755169859847,125,202.48,4.136111
332291454,1755169859722,1755169859847,125,202.49,5.733889
332291456,1755169859730,1755169859854,124,202.48,14.8
332291457,1755169860037,1755169860175,138,202.47,0.268082
332291464,1755169860096,1755169860225,129,202.46,1.109683
332291471,1755169860298,1755169860425,127,202.44,0.302563
332291472,1755169860354,1755169860476,122,202.42,0.0015
332291486,1755169860511,1755169860638,127,202.41,0.387273
332291492,1755169860596,1755169860722,126,202.4,0.167386
332291493,1755169860993,1755169861115,122,202.4,0.05
332291495,1755169861004,1755169861138,134,202.41,0.274404
332291496,1755169861004,1755169861138,134,202.42,0.0015
332291497,1755169861004,1755169861138,134,202.43,1.724096
332291498,1755169861484,1755169861610,126,202.4,0.251414
332291499,1755169861519,1755169861650,131,202.39,0.024135
332291500,1755169861542,1755169861671,129,202.38,0.180393
332291503,1755169861561,1755169861695,134,202.37,14.81
332291504,1755169861561,1755169861695,134,202.37,0.24887
332291505,1755169861562,1755169861695,133,202.37,0.24887
332291506,1755169861572,1755169861702,130,202.37,9.87
332291507,1755169861834,1755169861956,122,202.38,0.05
332291508,1755169861836,1755169861957,121,202.39,0.001
332291512,1755169862063,1755169862185,122,202.41,2
332291513,1755169863293,1755169863420,127,202.41,0.05
332291517,1755169863508,1755169863635,127,202.42,13.372578
332291518,1755169863508,1755169863635,127,202.43,6.414132
332291519,1755169863639,1755169863764,125,202.43,2
332291521,1755169863653,1755169863778,125,202.43,0.403903
332291528,1755169863721,1755169863843,122,202.44,0.34
332291529,1755169863725,1755169863846,121,202.44,0.002929
332291533,1755169863730,1755169863854,124,202.45,0.048554
332291540,1755169863730,1755169863854,124,202.46,0.291446
332291541,1755169863855,1755169863977,122,202.46,0.05
332291543,1755169864264,1755169864390,126,202.47,0.23039
332291545,1755169864338,1755169864462,124,202.47,0.050003
332291556,1755169864338,1755169864462,124,202.48,0.193007
332291561,1755169864340,1755169864464,124,202.48,0.050007
332291563,1755169864342,1755169864464,122,202.49,0.952281
332291564,1755169864342,1755169864464,122,202.5,1.047719
332291569,1755169864389,1755169864515,126,202.49,59.109175
332291570,1755169864603,1755169864726,123,202.47,0.268082
332291575,1755169864632,1755169864754,122,202.46,0.12067
332291581,1755169864673,1755169864798,125,202.44,0.301063
332291582,1755169865276,1755169865398,122,202.43,2
332291583,1755169865313,1755169865436,123,202.43,0.05
332291584,1755169865410,1755169865538,128,202.45,2
332291585,1755169865604,1755169865727,123,202.45,11.353
332291586,1755169865682,1755169865805,123,202.45,0.05
332291592,1755169865734,1755169865858,124,202.46,0.17067
332291594,1755169866158,1755169866282,124,202.47,0.230393
332291601,1755169867193,1755169867315,122,202.48,0.18167
332291603,1755169867295,1755169867454,159,202.49,0.318068
332291604,1755169867295,1755169867455,160,202.5,1.681932
332291617,1755169867812,1755169867934,122,202.5,25.168968
332291618,1755169867817,1755169867942,125,202.5,2
332291619,1755169867825,1755169867947,122,202.5,3.174824
332291620,1755169867866,1755169867990,124,202.5,3.980413
332291622,1755169867895,1755169868021,126,202.49,19.766923
332291624,1755169867991,1755169868122,131,202.5,10.841123
332291625,1755169868017,1755169868139,122,202.5,0.533807
332291633,1755169868567,1755169868692,125,202.51,2
332291634,1755169869945,1755169870068,123,202.5,1.599126
332291638,1755169870319,1755169870441,122,202.51,2.246154
332291640,1755169870326,1755169870449,123,202.52,10.340486
332291641,1755169870336,1755169870458,122,202.52,0.030771
332291649,1755169870341,1755169870463,122,202.53,2
332291651,1755169871236,1755169871357,121,202.53,1.512094
332291656,1755169871263,1755169871386,123,202.54,0.055554
332291658,1755169871294,1755169871422,128,202.54,0.114582
332291668,1755169871399,1755169871525,126,202.55,0.160344
332291677,1755169871399,1755169871525,126,202.56,0.384286
332291684,1755169871399,1755169871525,126,202.57,1.45537
332291685,1755169873409,1755169873534,125,202.57,2
332291686,1755169873781,1755169873906,125,202.57,9.973341
332291688,1755169874430,1755169874562,132,202.57,4.831562
332291693,1755169874466,1755169874589,123,202.58,2
332291694,1755169875303,1755169875434,131,202.57,0.043774
332291697,1755169875347,1755169875472,125,202.56,0.072402
332291699,1755169875384,1755169875506,122,202.55,1.255058
332291704,1755169875496,1755169875621,125,202.53,0.276929
332291710,1755169875620,1755169875745,125,202.51,1.030273
332291712,1755169876669,1755169876796,127,202.51,8.205965
332291713,1755169876848,1755169876974,126,202.51,2
332291715,1755169877241,1755169877365,124,202.51,10.002962
332291722,1755169877350,1755169877474,124,202.5,0.438435
332291723,1755169877831,1755169877960,129,202.5,0.0798
332291725,1755169877873,1755169877995,122,202.51,2
332291726,1755169877925,1755169878047,122,202.51,0.05
332291727,1755169877930,1755169878052,122,202.52,2
332291730,1755169878731,1755169878855,124,202.52,1.21
332291738,1755169879640,1755169879766,126,202.53,2
332291740,1755169880023,1755169880146,123,202.53,2
332291742,1755169880028,1755169880154,126,202.53,14.8
332291743,1755169880029,1755169880154,125,202.53,3.191827
332291748,1755169880029,1755169880154,125,202.54,11.608173
332291750,1755169880030,1755169880154,124,202.54,1.586522
332291751,1755169880030,1755169880155,125,202.55,8.273478
332291752,1755169880031,1755169880155,124,202.55,9.86
332291754,1755169880365,1755169880490,125,202.55,9.86
332291756,1755169880373,1755169880497,124,202.55,14.8
332291763,1755169880463,1755169880586,123,202.56,10.006913
332291766,1755169881295,1755169881417,122,202.57,2
332291767,1755169881315,1755169881442,127,202.57,6.592424
332291768,1755169881316,1755169881442,126,202.57,0.786596
332291769,1755169881316,1755169881442,126,202.57,3.318452
332291770,1755169881318,1755169881443,125,202.57,0.05
332291771,1755169881322,1755169881444,122,202.58,2
332291778,1755169882941,1755169883065,124,202.58,5.512193
332291785,1755169882941,1755169883065,124,202.59,26.231254
332291786,1755169882941,1755169883065,124,202.59,13.309555
332291802,1755169882952,1755169883078,126,202.6,2
332291803,1755169882956,1755169883082,126,202.59,0.183338
332291806,1755169883000,1755169883124,124,202.6,5.471544
332291812,1755169883003,1755169883128,125,202.61,0.067562
332291823,1755169883226,1755169883363,137,202.62,0.162396
332291828,1755169883463,1755169883587,124,202.63,1.134581
332291838,1755169883463,1755169883588,125,202.64,8.873812
332291839,1755169883646,1755169883768,122,202.64,0.24887
332291840,1755169883646,1755169883768,122,202.64,0.24887
332291842,1755169883649,1755169883771,122,202.64,2
332291849,1755169884615,1755169884742,127,202.65,1.894101
332291864,1755169884615,1755169884743,128,202.66,0.105899
332291870,1755169884620,1755169884750,130,202.66,0.067488
332291873,1755169884620,1755169884750,130,202.67,1.822512
332291874,1755169884621,1755169884750,129,202.67,5.730537
332291884,1755169884621,1755169884751,130,202.68,11.392994
332291885,1755169884624,1755169884806,182,202.68,1.89
332291886,1755169885027,1755169885150,123,202.67,0.047536
332291888,1755169886431,1755169886558,127,202.68,10.004935
332291889,1755169886444,1755169886566,122,202.67,0.024671
332291890,1755169886994,1755169887116,122,202.67,0.961829
332291891,1755169888545,1755169888670,125,202.66,2
332291894,1755169888810,1755169888934,124,202.65,0.05
332291895,1755169889743,1755169889870,127,202.64,0.0015
332291898,1755169889898,1755169890019,121,202.63,0.316135
332291899,1755169890729,1755169890854,125,202.61,0.05
332291900,1755169890734,1755169890857,123,202.62,2
332291901,1755169890749,1755169890878,129,202.62,0.98
332291902,1755169890753,1755169890878,125,202.63,0.98
332291904,1755169891067,1755169891194,127,202.64,29.976
332291908,1755169891589,1755169891714,125,202.65,2
332291909,1755169892131,1755169892256,125,202.65,0.05
332291910,1755169892421,1755169892543,122,202.67,2
332291913,1755169892859,1755169892984,125,202.65,14.79
332291915,1755169892862,1755169892990,128,202.65,9.86
332291916,1755169893201,1755169893325,124,202.64,9.86
332291918,1755169893202,1755169893325,123,202.64,14.79
332291922,1755169893663,1755169893785,122,202.63,1.152095
332291924,1755169893681,1755169893810,129,202.61,9.86
332291926,1755169893688,1755169893810,122,202.61,14.79
332291927,1755169893916,1755169894054,138,202.61,0.05
332291928,1755169894654,1755169894783,129,202.62,0.986743
332291929,1755169894721,1755169894846,125,202.6,0.024134
332291933,1755169894819,1755169894946,127,202.59,0.048554
332291935,1755169895085,1755169895213,128,202.59,1.49
332291936,1755169895085,1755169895213,128,202.59,0.040334
332291938,1755169895091,1755169895214,123,202.62,2
332291941,1755169895826,1755169895949,123,202.63,10.005428
332291942,1755169895965,1755169896184,219,202.63,0.05
332291943,1755169895965,1755169896184,219,202.64,1.95
332291948,1755169896153,1755169896278,125,202.64,0.098554
332291951,1755169896153,1755169896278,125,202.65,0.316121
332291955,1755169896655,1755169896787,132,202.66,16.916296
332291959,1755169896655,1755169896787,132,202.66,66.363928
332291963,1755169896655,1755169896787,132,202.67,26.182644
332291964,1755169896655,1755169896787,132,202.67,0.24887
332291965,1755169896655,1755169896787,132,202.67,0.24887
332291966,1755169896655,1755169896787,132,202.67,0.24887
332291967,1755169896655,1755169896787,132,202.67,0.24887
332291968,1755169896655,1755169896787,132,202.67,0.24887
332291969,1755169896655,1755169896787,132,202.67,0.24887
332291970,1755169896655,1755169896787,132,202.67,0.24887
332291971,1755169896655,1755169896787,132,202.67,0.24887
332291972,1755169896655,1755169896787,132,202.67,7.354009
332291975,1755169896655,1755169896787,132,202.68,25.149462
332291979,1755169896656,1755169896787,131,202.68,19.781895
