tradeID,ts_exchange_ms,ts_received_ms,delay,price,volume
237300577,1754999100277,1754999100.3866057,1,3.1535,74.017153
237300579,1754999101068,1754999101.1756606,1,3.1532,75.432076
237300581,1754999101073,1754999101.3145874,1,3.153,7.711635
237300582,1754999104827,1754999104.9343867,1,3.1535,74.017153
237300585,1754999104827,1754999104.9344141,1,3.1536,1253.413323
237300586,1754999105609,1754999105.7165904,1,3.1537,37.130851
237300587,1754999106434,1754999106.5450716,1,3.1538,62.642104
237300588,1754999106436,1754999106.5465212,1,3.1538,11.375049
237300690,1754999146077,1754999146187,110,3.1579,70.8
237300691,1754999146079,1754999146192,113,3.1579,0.049388
237300693,1754999146082,1754999146192,110,3.158,2.414923
237300696,1754999150047,1754999150158,111,3.1581,219.751413
237300697,1754999150047,1754999150158,111,3.1582,13.577855
237300698,1754999151868,1754999151977,109,3.1582,29.069047
237300700,1754999153401,1754999153512,111,3.1582,129.413843
237300702,1754999153401,1754999153512,111,3.1583,16.010818
237300705,1754999153401,1754999153512,111,3.1584,76.432076
237300706,1754999153401,1754999153512,111,3.1585,91.002382
237300708,1754999153401,1754999153512,111,3.1586,220.614387
237300709,1754999153662,1754999153773,111,3.1586,163.002494
237300711,1754999153670,1754999153777,107,3.1586,158.32483
237300712,1754999153873,1754999153980,107,3.1586,158.324829
237300713,1754999154517,1754999154624,107,3.1585,229.63458
237301951,1754999973742,1754999973853,111,3.152,7.281641
237301952,1754999974103,1754999974212,109,3.1519,74.017153
237301953,1754999974103,1754999974213,110,3.1518,1
237301955,1754999978341,1754999978453,112,3.1517,75.432076
237301956,1754999985094,1754999985210,116,3.1515,20.625099
237301957,1754999985485,1754999985598,113,3.1514,74.017153
237301959,1754999990138,1754999990250,112,3.1512,75.4
237301960,1754999990138,1754999990252,114,3.1512,0.032076
237301962,1754999990138,1754999990252,114,3.1511,317.396802
237301963,1754999991650,1754999991763,113,3.1509,74.017153
237301964,1754999991662,1754999991779,117,3.1508,1.414923
237301966,1754999992572,1754999992684,112,3.1506,75.017153
237301967,1754999992913,1754999993023,110,3.1504,40.368965
237301968,1754999992914,1754999993023,109,3.1503,1.414923
237301970,1754999992914,1754999993023,109,3.1501,398.585077
237301972,1754999993976,1754999994122,146,3.1501,491.815562
237301974,1754999993977,1754999994123,146,3.1501,67.164706
237301975,1754999993977,1754999994133,156,3.1502,1271.069388
237301976,1754999993985,1754999994193,208,3.1503,57.1
237301977,1754999997446,1754999997559,113,3.1503,2.897157
237301978,1755000000223,1755000000333,110,3.1501,328.61227
237301979,1755000000651,1755000000764,113,3.15,15.9383
237301980,1755000000651,1755000000764,113,3.15,15.9383
237301991,1755000000654,1755000000767,113,3.15,1928.204716
237301994,1755000000654,1755000000767,113,3.1499,76.169805
237301997,1755000000654,1755000000767,113,3.1498,784.798946
237301998,1755000000656,1755000000768,112,3.1497,6.478493
237302002,1755000000656,1755000000768,112,3.1496,2071.124088
237302004,1755000000656,1755000000768,112,3.1495,295.504221
237302007,1755000000656,1755000000768,112,3.1494,439.109355
237302011,1755000000656,1755000000768,112,3.1493,78.432076
237302016,1755000000656,1755000000768,112,3.1492,1671.507972
237302017,1755000000662,1755000000772,110,3.1496,74.017153
237302018,1755000000710,1755000000825,115,3.1494,1
237302019,1755000000715,1755000000825,110,3.1493,31.416144
237302020,1755000002716,1755000002826,110,3.1497,75
237302021,1755000002716,1755000002826,110,3.1498,1.414923
237302023,1755000002716,1755000002826,110,3.1499,131.172112
237302026,1755000002716,1755000002826,110,3.15,3.5
237302027,1755000003256,1755000003366,110,3.1501,15.9383
237302028,1755000003256,1755000003366,110,3.1501,15.9383
237302030,1755000003256,1755000003366,110,3.1501,383.19108
237302031,1755000003261,1755000003372,111,3.1501,679.054175
237302032,1755000003261,1755000003372,111,3.1502,781
237302033,1755000003261,1755000003372,111,3.1503,400
237302034,1755000003272,1755000003383,111,3.1503,1.414923
237302035,1755000003395,1755000003510,115,3.1504,74.017153
237302037,1755000003469,1755000003593,124,3.1506,75.017153
237302038,1755000003472,1755000003593,121,3.1508,1.414923
237302040,1755000003804,1755000003913,109,3.1508,63.486017
237302041,1755000004041,1755000004155,114,3.1509,74.017153
237302044,1755000004241,1755000004359,118,3.1512,76.4
237302045,1755000004243,1755000004361,118,3.1512,0.032076
237302046,1755000004243,1755000004361,118,3.1513,291.125
237302047,1755000004505,1755000004621,116,3.1514,1.269277
237302048,1755000004660,1755000004770,110,3.1514,72.7
237302049,1755000004660,1755000004770,110,3.1514,0.047876
237302050,1755000005304,1755000005439,135,3.1517,1.269156
237302051,1755000007704,1755000007817,113,3.1517,1.269156
237302053,1755000007879,1755000007993,114,3.1517,72.893764
237302054,1755000007882,1755000007993,111,3.1518,1
237302057,1755000008163,1755000008273,110,3.1518,1314.165791
237302058,1755000008420,1755000008534,114,3.1516,296
237302059,1755000008430,1755000008541,111,3.1516,32.6
237302060,1755000008431,1755000008541,110,3.1516,0.01227
237302061,1755000009147,1755000009260,113,3.1515,4.155164
237302062,1755000009608,1755000009718,110,3.1515,1.586546
237302063,1755000011206,1755000011317,111,3.1515,1.586546
237302064,1755000012604,1755000012718,114,3.1515,1.586546
237302065,1755000012641,1755000012753,112,3.1515,2.379819
237302066,1755000013304,1755000013414,110,3.1515,3.173092
237302067,1755000014896,1755000015006,110,3.1515,1.586546
237302068,1755000016110,1755000016223,113,3.1517,1.903734
237302069,1755000016848,1755000016961,113,3.1517,184
237302070,1755000016852,1755000016970,118,3.1518,1
237302071,1755000016968,1755000017078,110,3.1519,74.017153
237302072,1755000017541,1755000017654,113,3.152,1.586294
237302073,1755000017778,1755000017888,110,3.152,5.688066
237302074,1755000019276,1755000019386,110,3.1521,1.903492
237302075,1755000019641,1755000019758,117,3.152,9
237302076,1755000023032,1755000023142,110,3.152,1
237302077,1755000023724,1755000023836,112,3.1519,355.356751
237302078,1755000023732,1755000023841,109,3.1518,1
237302079,1755000023837,1755000023947,110,3.1517,74
237302080,1755000028581,1755000028693,112,3.1517,0.017153
237302082,1755000028581,1755000028694,113,3.1515,223.670394
237302083,1755000028584,1755000028694,110,3.1514,74.017153
237302084,1755000028584,1755000028694,110,3.1513,100.786374
237302086,1755000028812,1755000028921,109,3.1512,75.4
237302087,1755000028822,1755000028936,114,3.1512,0.032076
237302089,1755000028908,1755000029019,111,3.151,1.428118
237302091,1755000030484,1755000030594,110,3.1509,402.629423
237302093,1755000030486,1755000030595,109,3.1508,2.9
237302094,1755000030488,1755000030598,110,3.1508,0.014923
237302095,1755000031066,1755000031175,109,3.1507,7.26854
237302096,1755000032707,1755000032817,110,3.1507,3.173897
237302097,1755000032740,1755000032851,111,3.1506,53.423
237302098,1755000033012,1755000033124,112,3.1507,64.747516
237302101,1755000034969,1755000035147,178,3.1507,2219.150871
237302102,1755000034969,1755000035147,178,3.1508,57.138633
237302103,1755000034970,1755000035147,177,3.1509,537.9049
237302104,1755000035012,1755000035149,137,3.151,6.347695
237302105,1755000037341,1755000037454,113,3.1511,1.586747
237302106,1755000038409,1755000038519,110,3.1511,3.173494
237302107,1755000039543,1755000039653,110,3.1511,45
237302108,1755000040542,1755000040652,110,3.1511,12.829999
237302109,1755000049081,1755000049193,112,3.1512,39.92607
237302111,1755000050694,1755000050810,116,3.1512,35.506006
237302112,1755000055354,1755000055463,109,3.1514,74.017153
237302113,1755000055354,1755000055463,109,3.1515,101.347439
237302114,1755000060544,1755000060655,111,3.1516,371.38773
237302115,1755000060545,1755000060655,110,3.1515,1615.687308
237302116,1755000063443,1755000063552,109,3.1515,27.086715
237302117,1755000063646,1755000063756,110,3.1515,1.2
237302118,1755000064040,1755000064156,116,3.1514,328.61227
237302120,1755000064330,1755000064441,111,3.1512,75.017153
237302122,1755000064332,1755000064442,110,3.1509,112.108366
237302124,1755000064382,1755000064491,109,3.1508,39.5
237302125,1755000064392,1755000064502,110,3.1508,0.007345
237302127,1755000064489,1755000064603,114,3.1506,21.594153
237302128,1755000064491,1755000064603,112,3.1505,15
237302129,1755000064598,1755000064719,121,3.1504,74
237302130,1755000064602,1755000064719,117,3.1504,0.017153
237302132,1755000064745,1755000064858,113,3.1503,16.414923
237302134,1755000064745,1755000064859,114,3.1501,89.017153
237302137,1755000064752,1755000064864,112,3.15,3.111111
237302138,1755000064889,1755000064999,110,3.1499,74.017153
237302139,1755000064892,1755000065004,112,3.1498,1.414923
237302141,1755000065602,1755000065720,118,3.1496,89.017153
237302142,1755000065625,1755000065735,110,3.1494,1
237302144,1755000066595,1755000066704,109,3.1493,44.01593
237302145,1755000066603,1755000066717,114,3.1493,0.000002
237302146,1755000067926,1755000068035,109,3.1491,74.017153
237302147,1755000067932,1755000068045,113,3.1489,1.040797
237302150,1755000071150,1755000071286,136,3.1489,1079.035713
237302151,1755000073428,1755000073545,117,3.1492,59.188441
237302152,1755000074840,1755000074952,112,3.1493,30.75598
237302153,1755000077497,1755000077610,113,3.1492,28.732346
237302154,1755000077612,1755000077725,113,3.1491,38.112985
237302155,1755000077663,1755000077772,109,3.149,38.114196
237302159,1755000077728,1755000077840,112,3.1488,92.510961
237302160,1755000077728,1755000077840,112,3.1487,1.5
237302161,1755000079425,1755000079539,114,3.1486,74.017153
237302162,1755000079425,1755000079539,114,3.1485,101.955099
237302163,1755000079452,1755000079561,109,3.1484,1.414923
237302166,1755000081267,1755000081380,113,3.1483,387.916208
237302167,1755000081546,1755000081659,113,3.1484,43.0654
237302170,1755000082043,1755000082155,112,3.1485,317.783145
237302171,1755000087161,1755000087270,109,3.1484,10.015
237302172,1755000087616,1755000087729,113,3.1484,128.459622
237302174,1755000089902,1755000090013,111,3.1482,2.044981
237302177,1755000091968,1755000092084,116,3.148,682.002778
237302178,1755000092012,1755000092122,110,3.1479,1.414923
237302180,1755000092700,1755000092814,114,3.1478,177.8123
237302181,1755000093220,1755000093330,110,3.1478,417.146959
237302182,1755000095662,1755000095773,111,3.1478,31.762164
237302183,1755000098132,1755000098242,110,3.1478,31.768219
237302184,1755000100324,1755000100437,113,3.1476,1
237302188,1755000100408,1755000100521,113,3.1475,424.011233
237302189,1755000100412,1755000100524,112,3.1474,1.414923
237302191,1755000100683,1755000100793,110,3.1474,1070.340217
237302192,1755000100686,1755000100796,110,3.1475,2404.792503
237302193,1755000100712,1755000100822,110,3.1476,1
237302194,1755000101083,1755000101196,113,3.1477,230.5
237302196,1755000101596,1755000101709,113,3.1477,1412.594565
237302197,1755000102317,1755000102432,115,3.1478,74.017153
237302198,1755000102317,1755000102432,115,3.1479,1.414923
237302199,1755000102508,1755000102618,110,3.148,74
237302200,1755000102512,1755000102621,109,3.148,0.017153
237302201,1755000102632,1755000102751,119,3.1482,1
237302202,1755000102636,1755000102751,115,3.1483,74
237302203,1755000102642,1755000102753,111,3.1483,0.017153
237302204,1755000102642,1755000102753,111,3.1484,1.414923
237302205,1755000102774,1755000102898,124,3.1485,743
237302206,1755000102824,1755000102939,115,3.1486,74
237302207,1755000102832,1755000102941,109,3.1486,0.017153
237302210,1755000102912,1755000103025,113,3.1488,76.432076
237302211,1755000102928,1755000103041,113,3.1491,74.017153
237302212,1755000102928,1755000103041,113,3.1492,4.584558
237302213,1755000105996,1755000106105,109,3.1488,74.017153
237302215,1755000106664,1755000106776,112,3.1486,156.410847
237302216,1755000108040,1755000108151,111,3.1484,1.414923
237302217,1755000110479,1755000110591,112,3.1484,328.61227
237302218,1755000112160,1755000112273,113,3.1483,43.726671
237302219,1755000112717,1755000112826,109,3.1483,30.290482
237302220,1755000112722,1755000112835,113,3.1482,1
237302221,1755000113966,1755000114078,112,3.1481,20.865733
237302222,1755000114061,1755000114174,113,3.148,26.340518
237302223,1755000114239,1755000114353,114,3.1481,26.858014
237302224,1755000116186,1755000116299,113,3.1481,56.465
237302225,1755000117591,1755000117705,114,3.148,40.564
237302226,1755000117912,1755000118024,112,3.148,7.112635
237302227,1755000120010,1755000120123,113,3.1479,1.414923
237302229,1755000120481,1755000120592,111,3.1479,179.684441
237302230,1755000120485,1755000120595,110,3.1481,57.187638
237302231,1755000120492,1755000120601,109,3.1482,1
237302232,1755000120523,1755000120633,110,3.1483,74.017153
237302233,1755000120523,1755000120633,110,3.1484,1.414923
237302234,1755000120523,1755000120633,110,3.1485,1.5
237302235,1755000120523,1755000120633,110,3.1486,241.312388
237302236,1755000123216,1755000123326,110,3.1482,38.307
237302237,1755000123617,1755000123726,109,3.1482,23.175554
237302238,1755000127118,1755000127227,109,3.1483,28.970956
237302239,1755000127120,1755000127229,109,3.1483,18.548544
237302240,1755000127452,1755000127565,113,3.1483,96.28
237302241,1755000129723,1755000129836,113,3.1483,147.3513
237302242,1755000130179,1755000130288,109,3.1483,181.26097
237302243,1755000130182,1755000130298,116,3.1482,1
237302245,1755000130750,1755000130865,115,3.1481,1445.166542
237302246,1755000130789,1755000130898,109,3.1481,18.132
237302247,1755000130812,1755000130922,110,3.1482,1
237302249,1755000130831,1755000130941,110,3.1482,37.322732
237302250,1755000132302,1755000132415,113,3.1482,30.868788
237302251,1755000132760,1755000132875,115,3.1482,17.57
237302252,1755000133312,1755000133422,110,3.1482,1.561212
237302253,1755000136309,1755000136420,111,3.148,43.363
237302254,1755000138868,1755000138984,116,3.1482,1089.355949
237302255,1755000138869,1755000138984,115,3.1482,957.548291
237302256,1755000141195,1755000141313,118,3.1482,34.097775
237302257,1755000141803,1755000141916,113,3.1484,19.638464
237302258,1755000142251,1755000142366,115,3.1485,168.731964
237302259,1755000142254,1755000142366,112,3.1485,729.338706
237302260,1755000142402,1755000142551,149,3.1486,15.9383
237302261,1755000142402,1755000142551,149,3.1486,15.9383
237302262,1755000142402,1755000142551,149,3.1486,15.9383
237302263,1755000142403,1755000142551,148,3.1486,15.9383
237302264,1755000142404,1755000142551,147,3.1486,10.263953
237302267,1755000142404,1755000142551,147,3.1488,76.432076
237302268,1755000145910,1755000146023,113,3.1491,74
237302269,1755000145910,1755000146023,113,3.1491,0.017153
237302272,1755000146050,1755000146163,113,3.1493,139.557076
237302273,1755000146064,1755000146174,110,3.1494,1
237302275,1755000146217,1755000146336,119,3.1495,5.523
237302276,1755000146714,1755000146824,110,3.1496,74.017153
237302277,1755000146722,1755000146838,116,3.1498,1.414923
237302278,1755000146909,1755000147028,119,3.1499,33.866122
237302279,1755000149423,1755000149532,109,3.1498,44.196134
237302281,1755000151107,1755000151242,135,3.1498,162.54968
237302283,1755000151361,1755000151471,110,3.1498,187.007461
237302284,1755000156643,1755000156753,110,3.1499,40.151031
237302286,1755000156647,1755000156757,110,3.15,172.396147
237302287,1755000156649,1755000156758,109,3.1501,74.017153
237302288,1755000156703,1755000156814,111,3.1503,1.414923
237302289,1755000156925,1755000157038,113,3.1504,74.017153
237302291,1755000163172,1755000163281,109,3.1506,78.689223
237302292,1755000163182,1755000163291,109,3.1508,1.414923
237302293,1755000167300,1755000167414,114,3.1508,2.34505
237302294,1755000167412,1755000167528,116,3.1506,1
237302295,1755000169292,1755000169402,110,3.1509,74.017153
237302296,1755000175147,1755000175353,206,3.1511,19.129685
237302298,1755000177524,1755000177633,109,3.1512,75.432076
237302300,1755000178121,1755000178234,113,3.1514,77.6896
237302303,1755000180708,1755000180822,114,3.1517,110.743803
237302304,1755000180712,1755000180822,110,3.1518,1
237302305,1755000180726,1755000180837,111,3.1519,74
237302306,1755000184257,1755000184375,118,3.1519,0.017153
237302307,1755000184473,1755000184583,110,3.1522,4.3
237302309,1755000184474,1755000184583,109,3.1522,71.132076
237302310,1755000184482,1755000184591,109,3.1524,1
237302311,1755000191671,1755000191791,120,3.1523,6.469
237302312,1755000195292,1755000195401,109,3.1524,371.982128
237302314,1755000201163,1755000201275,112,3.1524,1.000001
237302315,1755000203235,1755000203348,113,3.1523,1.0015
237302316,1755000204200,1755000204310,110,3.1522,314.16319
237302318,1755000204326,1755000204438,112,3.1519,452.799049
237302319,1755000204332,1755000204441,109,3.1518,1
237302321,1755000205012,1755000205127,115,3.1518,2.880893
237302323,1755000206049,1755000206161,112,3.1517,75.4
237302325,1755000206112,1755000206223,111,3.1517,328.644346
237302326,1755000207350,1755000207472,122,3.1514,73.840368
237302327,1755000210176,1755000210291,115,3.1515,3.173092
237302330,1755000210594,1755000210703,109,3.1518,22.205303
237302332,1755000210890,1755000210999,109,3.1517,115.363922
237302333,1755000213317,1755000213427,110,3.1516,319.874584
237302334,1755000215055,1755000215172,117,3.1516,199.96
237302335,1755000216927,1755000217043,116,3.1518,607.16842
237302336,1755000216927,1755000217043,116,3.1518,746.475896
237302337,1755000216927,1755000217043,116,3.1518,885.474459
237302338,1755000216928,1755000217043,115,3.1518,360.881225
237302340,1755000216929,1755000217043,114,3.1519,122.227391
237302341,1755000216929,1755000217043,114,3.1519,8.908454
237302342,1755000216932,1755000217045,113,3.1521,1.5
237302343,1755000219390,1755000219500,110,3.1521,103.522508
237302345,1755000219730,1755000219840,110,3.1522,75.4
237302346,1755000219742,1755000219851,109,3.1522,0.032076
237302347,1755000219742,1755000219851,109,3.1524,1
237302348,1755000224747,1755000224860,113,3.1523,1.07945
237302349,1755000233243,1755000233352,109,3.1524,211.00779
237302352,1755000234945,1755000235056,111,3.1524,319.745005
237302354,1755000235714,1755000235826,112,3.1524,25.75221
237302355,1755000237010,1755000237123,113,3.1523,17.728207
237302356,1755000237010,1755000237123,113,3.1521,19.28197
237302357,1755000237437,1755000237550,113,3.1522,16.286979
237302358,1755000238698,1755000238808,110,3.1524,21.245467
237302360,1755000240388,1755000240500,112,3.1524,23.589716
237302361,1755000240392,1755000240501,109,3.1524,0.05646
237302365,1755000242215,1755000242329,114,3.1522,319.765458
237302367,1755000243856,1755000243966,110,3.1524,99.960004
237302369,1755000244529,1755000244642,113,3.1524,555.976003
237302371,1755000244534,1755000244643,109,3.1523,48.288755
237302372,1755000244548,1755000244658,110,3.1521,15.9383
237302373,1755000244548,1755000244658,110,3.1521,15.9383
237302375,1755000244548,1755000244658,110,3.1521,358.305491
237302376,1755000244549,1755000244659,110,3.152,1
237302378,1755000244549,1755000244659,110,3.1519,112.0959
237302383,1755000244549,1755000244659,110,3.1518,3601.707512
237302388,1755000244549,1755000244659,110,3.1517,2450.420751
237302389,1755000244551,1755000244661,110,3.1516,200
237302390,1755000244552,1755000244664,112,3.1517,158.621893
237302392,1755000244552,1755000244664,112,3.1516,632.071083
237302395,1755000244553,1755000244664,111,3.1515,768.822784
237302399,1755000244555,1755000244665,110,3.1514,317.39986
237302402,1755000244563,1755000244672,109,3.1513,57.670936
237302404,1755000244563,1755000244672,109,3.1512,7.049502
237302406,1755000244564,1755000244673,109,3.1512,69.382574
237302410,1755000244564,1755000244673,109,3.1511,135.2015
237302411,1755000244564,1755000244673,109,3.151,48.015926
237302412,1755000244716,1755000244825,109,3.1509,74.017153
237302413,1755000244722,1755000244831,109,3.1508,1.414923
237302416,1755000244766,1755000244891,125,3.1506,90.017153
237302417,1755000244819,1755000244931,112,3.1504,39.595668
237302423,1755000244907,1755000245020,113,3.1505,459
237302424,1755000245012,1755000245124,112,3.1506,1
237302425,1755000245102,1755000245215,113,3.1509,74.017153
237302429,1755000245183,1755000245293,110,3.1512,133.541137
237302430,1755000245420,1755000245534,114,3.1514,74.017153
237302432,1755000250512,1755000250624,112,3.1517,75.4
237302433,1755000250522,1755000250632,110,3.1517,0.032076
237302434,1755000250522,1755000250632,110,3.1518,1
237302436,1755000258009,1755000258123,114,3.1518,242.824554
237302437,1755000258010,1755000258124,114,3.1518,449.270213
237302438,1755000262299,1755000262410,111,3.1517,470.238207
237302439,1755000262302,1755000262411,109,3.1518,1
237302440,1755000262370,1755000262492,122,3.1519,74.017153
237302441,1755000264045,1755000264154,109,3.152,221.008592
237302442,1755000264046,1755000264156,110,3.152,17
237302444,1755000264768,1755000264883,115,3.1522,75.4
237302445,1755000264769,1755000264883,114,3.1522,0.032076
237302446,1755000264769,1755000264883,114,3.1523,99.367924
237302448,1755000272550,1755000272663,113,3.1523,300
237302450,1755000273542,1755000273652,110,3.1524,1017.447024
237302452,1755000273542,1755000273652,110,3.1525,245.4133
237302454,1755000273544,1755000273654,110,3.1526,104
237302455,1755000278444,1755000278557,113,3.1526,3.352789
237302456,1755000278618,1755000278729,111,3.1527,1.58277
237302457,1755000288962,1755000289071,109,3.1524,1
237302458,1755000291142,1755000291256,114,3.1524,1
237302462,1755000296760,1755000296872,112,3.1527,123.6999
237302463,1755000296761,1755000296872,111,3.1527,0.000058
237302466,1755000299303,1755000299416,113,3.153,96.432425
237302468,1755000300163,1755000300275,112,3.1532,75.432076
237302470,1755000300165,1755000300277,112,3.1534,304.062603
237302471,1755000300643,1755000300754,111,3.1534,38.176476
237302472,1755000301162,1755000301275,113,3.1535,74.017153
237302474,1755000301172,1755000301281,109,3.1536,2.414923
237302475,1755000301499,1755000301637,138,3.1537,187.578862
237302476,1755000301522,1755000301642,120,3.1536,1
237302477,1755000302744,1755000302856,112,3.1534,328.61227
237302478,1755000305585,1755000305711,126,3.1535,57.08914
237302479,1755000305585,1755000305711,126,3.1536,1
237302481,1755000305585,1755000305711,126,3.1537,341.91086
237302482,1755000305596,1755000305711,115,3.1537,64.17466
237302492,1755000306230,1755000306340,110,3.1537,6182.784446
237302493,1755000306242,1755000306361,119,3.1536,1
237302494,1755000306385,1755000306496,111,3.1533,13.818516
237302495,1755000306857,1755000306976,119,3.1533,314.793754
237302496,1755000307329,1755000307443,114,3.1532,1.014843
237302498,1755000311832,1755000311944,112,3.1532,74.4
237302499,1755000311832,1755000311945,113,3.1532,0.017233
237302501,1755000323140,1755000323252,112,3.153,76.095672
237302503,1755000325707,1755000325818,111,3.1529,114.966812
237302505,1755000329511,1755000329624,113,3.1527,75.432076
237302507,1755000332788,1755000332903,115,3.1526,167.081359
237302508,1755000332788,1755000332903,115,3.1527,62.918641
237302509,1755000334122,1755000334238,116,3.1526,6
237302510,1755000335316,1755000335433,117,3.1525,74.017153
237302511,1755000335316,1755000335433,117,3.1524,1
237302513,1755000335592,1755000335702,110,3.1522,75.43207
237302514,1755000335597,1755000335707,110,3.1522,0.000006
237302515,1755000335602,1755000335712,110,3.152,1
237302516,1755000335773,1755000335891,118,3.1519,74.017153
237302517,1755000335773,1755000335891,118,3.1518,1
237302519,1755000335773,1755000335891,118,3.1517,75.432076
237302520,1755000335773,1755000335891,118,3.1516,896.457143
237302522,1755000335781,1755000335894,113,3.1514,75.517153
237302524,1755000335782,1755000335894,112,3.1513,53.086378
237302526,1755000335782,1755000335894,112,3.1512,21.930775
237302529,1755000335932,1755000336041,109,3.1512,55.501301
237302530,1755000337103,1755000337212,109,3.1509,74.01715
237302531,1755000337112,1755000337224,112,3.1509,0.000003
237302532,1755000337112,1755000337224,112,3.1508,1.414923
237302533,1755000338942,1755000339061,119,3.1506,15.9383
237302534,1755000338942,1755000339061,119,3.1506,15.9383
237302537,1755000338942,1755000339061,119,3.1506,58.140553
237302538,1755000338942,1755000339061,119,3.1505,60
237302539,1755000338995,1755000339104,109,3.1504,21.941251
237302541,1755000338998,1755000339107,109,3.1504,72.480234
237302543,1755000338998,1755000339107,109,3.1503,16.414923
237302544,1755000339447,1755000339556,109,3.1501,74.017153
237302547,1755000339447,1755000339556,109,3.15,173.396147
237302548,1755000339592,1755000339712,120,3.1499,74.01715
237302549,1755000339604,1755000339714,110,3.1499,0.000003
237302550,1755000339604,1755000339714,110,3.1498,1.414923
237302551,1755000340680,1755000340798,118,3.1496,74.01715
237302552,1755000341166,1755000341284,118,3.1496,0.000003
237302553,1755000341166,1755000341284,118,3.1494,1
237302555,1755000341178,1755000341288,110,3.1493,75.43207
237302556,1755000343095,1755000343208,113,3.1493,0.000006
237302558,1755000343095,1755000343208,113,3.1491,89.017153
237302559,1755000343095,1755000343208,113,3.149,95.483145
237302560,1755000343118,1755000343230,112,3.1489,15
237302563,1755000343448,1755000343557,109,3.1488,76.432076
237302567,1755000343602,1755000343715,113,3.1487,459.06885
237302571,1755000343844,1755000343955,111,3.1487,1822.511051
237302572,1755000351264,1755000351378,114,3.1486,74
237302573,1755000351264,1755000351378,114,3.1486,0.017153
237302574,1755000351267,1755000351380,113,3.1484,1.414923
237302575,1755000351465,1755000351578,113,3.1483,58.31244
237302576,1755000351516,1755000351628,112,3.1483,15.704713
237302577,1755000351516,1755000351629,113,3.1482,1
237302579,1755000351516,1755000351629,113,3.148,41.607727
237302580,1755000351537,1755000351648,111,3.148,1
237302582,1755000351645,1755000351754,109,3.1479,58.31244
237302583,1755000351706,1755000351818,112,3.1478,58.31244
237302585,1755000351819,1755000351929,110,3.1478,90.24352
237302586,1755000352196,1755000352306,110,3.1478,58.31244
237302587,1755000352210,1755000352319,109,3.1478,58.31244
237302589,1755000352840,1755000352952,112,3.1477,58.31244
237302590,1755000352840,1755000352952,112,3.1478,58.31244
237302591,1755000352856,1755000352965,109,3.1477,17.96629
237302593,1755000352859,1755000352968,109,3.1477,40.34615
237302594,1755000352879,1755000352988,109,3.1477,58.31244
237302595,1755000352899,1755000353008,109,3.1477,58.31244
237302596,1755000352919,1755000353028,109,3.1477,58.31244
237302597,1755000352919,1755000353029,110,3.1478,58.31244
237302598,1755000352939,1755000353065,126,3.1477,58.31244
237302599,1755000352939,1755000353065,126,3.1478,58.31244
237302600,1755000352959,1755000353075,116,3.1477,58.31244
237302602,1755000352959,1755000353075,116,3.1478,58.31244
237302603,1755000352979,1755000353088,109,3.1478,58.31244
237302604,1755000352979,1755000353088,109,3.1477,58.31244
237302605,1755000353000,1755000353109,109,3.1478,58.31244
237302606,1755000353000,1755000353109,109,3.1477,58.31244
237302607,1755000353019,1755000353128,109,3.1477,58.31244
237302608,1755000353019,1755000353128,109,3.1478,58.31244
237302609,1755000353039,1755000353153,114,3.1478,58.31244
237302610,1755000353039,1755000353153,114,3.1477,58.31244
237302611,1755000353059,1755000353168,109,3.1477,58.31244
237302613,1755000353059,1755000353169,110,3.1476,58.31244
237302614,1755000353079,1755000353189,110,3.1476,58.31244
237302615,1755000353079,1755000353189,110,3.1477,58.31244
237302616,1755000353106,1755000353215,109,3.1476,58.31244
237302618,1755000355091,1755000355203,112,3.1476,209.004765
237302621,1755000359827,1755000359939,112,3.148,102.136364
237302623,1755000359859,1755000359969,110,3.1482,58.185822
237302624,1755000360039,1755000360154,115,3.1483,74.017153
237302625,1755000360039,1755000360154,115,3.1484,1.414923
237302626,1755000360110,1755000360227,117,3.1486,74.017153
237302629,1755000360111,1755000360228,117,3.1487,177.91312
237302632,1755000360164,1755000360276,112,3.1488,76.432076
237302633,1755000360164,1755000360277,113,3.149,57.171294
237302636,1755000360164,1755000360277,113,3.1491,80.101711
237302637,1755000360164,1755000360277,113,3.1492,18.207773
237302642,1755000360644,1755000360755,111,3.1492,1400.735537
237302644,1755000362797,1755000362907,110,3.1488,440.726164
237302645,1755000365397,1755000365509,112,3.1486,74
237302646,1755000365397,1755000365510,113,3.1486,0.017153
237302647,1755000365407,1755000365516,109,3.1484,1.414923
237302648,1755000366506,1755000366619,113,3.1483,74.017153
237302649,1755000366506,1755000366619,113,3.1482,1
237302651,1755000368571,1755000368684,113,3.148,356.145172
237302652,1755000368609,1755000368721,112,3.148,46.484251
237302653,1755000368609,1755000368721,112,3.1479,1.414923
237302654,1755000368647,1755000368757,110,3.1478,2
237302655,1755000368680,1755000368793,113,3.1478,72.017153
237302656,1755000368697,1755000368806,109,3.1476,2
237302658,1755000368705,1755000368819,114,3.1476,13.801624
237302659,1755000368746,1755000368864,118,3.1475,2
237302661,1755000368749,1755000368864,115,3.1475,243.4133
237302662,1755000368757,1755000368868,111,3.1474,1.414923
237302663,1755000368796,1755000368908,112,3.1473,2
237302664,1755000368800,1755000368910,110,3.1473,3.212861
237302665,1755000368847,1755000368955,108,3.1473,2
237302667,1755000368953,1755000369066,113,3.1473,69.309055
237302668,1755000368967,1755000369078,111,3.1472,7.166433
237302673,1755000369128,1755000369239,111,3.1471,385.068861
237302680,1755000369134,1755000369243,109,3.1471,3031.428612
237302681,1755000370415,1755000370529,114,3.1474,8.6923
237302682,1755000370416,1755000370529,113,3.1474,0.000047
237302683,1755000370417,1755000370529,112,3.1475,74.017153
237302684,1755000370427,1755000370537,110,3.1476,1
237302686,1755000372474,1755000372586,112,3.1478,77.51171
237302687,1755000372517,1755000372629,112,3.1479,1.414923
237302689,1755000372640,1755000372752,112,3.148,76.017153
237302690,1755000372647,1755000372756,109,3.1482,1
237302691,1755000374897,1755000375010,113,3.1479,3.494207
237302692,1755000375571,1755000375686,115,3.1479,2.071126
237302693,1755000376624,1755000376743,119,3.1478,1.444465
237302695,1755000379931,1755000380041,110,3.1478,401.184958
237302696,1755000380017,1755000380126,109,3.1476,1
237302698,1755000381628,1755000381747,119,3.1475,110.745563
237302699,1755000381629,1755000381747,118,3.1474,1.414923
237302701,1755000381629,1755000381747,118,3.1473,163.499117
237302702,1755000381645,1755000381769,124,3.1471,12.889761
237302703,1755000382942,1755000383052,110,3.147,15.9383
237302704,1755000382942,1755000383052,110,3.147,15.9383
237302706,1755000384056,1755000384171,115,3.147,44.056548
237302707,1755000384056,1755000384171,115,3.1469,1.414923
237302708,1755000384059,1755000384171,112,3.1468,1.009096
237302709,1755000386753,1755000386866,113,3.1467,74
237302710,1755000387236,1755000387356,120,3.1467,0.017153
237302711,1755000387236,1755000387356,120,3.1466,1.052637
237302712,1755000387236,1755000387356,120,3.1465,14.86851
237302713,1755000387236,1755000387356,120,3.1465,15.9383
237302714,1755000387236,1755000387356,120,3.1465,15.9383
237302715,1755000387236,1755000387356,120,3.1465,15.9383
237302717,1755000387236,1755000387356,120,3.1465,12.362729
237302720,1755000387236,1755000387356,120,3.1464,92.205444
237302721,1755000387240,1755000387356,116,3.1463,38.146903
237302722,1755000387240,1755000387356,116,3.1462,74.017153
237302726,1755000387241,1755000387356,115,3.1461,278.917933
237302733,1755000387241,1755000387356,115,3.146,4249.528686
237302736,1755000387243,1755000387356,113,3.1458,400
237302738,1755000387247,1755000387359,112,3.1458,400
237302739,1755000387249,1755000387359,110,3.1458,1
237302740,1755000387251,1755000387361,110,3.1457,74.01715
237302742,1755000387258,1755000387367,109,3.1457,1
237302743,1755000387272,1755000387381,109,3.1458,342.423048
237302745,1755000387817,1755000387930,113,3.1458,4.496391
237302747,1755000387899,1755000388010,111,3.146,76.017153
237302748,1755000388915,1755000389024,109,3.1461,12.314843
237302749,1755000390781,1755000390890,109,3.1462,14.803431
237302750,1755000391547,1755000391656,109,3.1462,59.213722
237302754,1755000391550,1755000391659,109,3.1464,242.273642
237302755,1755000391731,1755000391845,114,3.1465,74
237302756,1755000391737,1755000391846,109,3.1465,0.017153
237302757,1755000395817,1755000395940,123,3.1464,1
237302758,1755000396509,1755000396619,110,3.1466,217.750388
237302759,1755000396768,1755000396882,114,3.1467,74.0171
237302760,1755000396776,1755000396885,109,3.1467,0.000053
237302762,1755000396776,1755000396885,109,3.1469,239.830562
237302763,1755000400817,1755000400929,112,3.1469,67.769655
237302765,1755000404850,1755000404960,110,3.147,123.9771
237302766,1755000404853,1755000404964,111,3.147,0.000053
237302767,1755000404853,1755000404964,111,3.1471,234.436917
237302768,1755000405032,1755000405141,109,3.1473,74
237302769,1755000405037,1755000405146,109,3.1473,0.017153
237302770,1755000405037,1755000405146,109,3.1474,1.414923
237302772,1755000405156,1755000405268,112,3.1474,61.70224
237302773,1755000405484,1755000405597,113,3.1471,38.13682
237302774,1755000405484,1755000405597,113,3.1471,0.000005
237302776,1755000405530,1755000405640,110,3.147,75.017153
237302778,1755000405530,1755000405640,110,3.1469,330.027193
237302779,1755000405585,1755000405696,111,3.1467,74.017153
237302780,1755000406397,1755000406507,110,3.1465,74.01715
237302781,1755000406407,1755000406517,110,3.1465,0.000003
237302783,1755000406407,1755000406517,110,3.1464,2.414923
237302784,1755000409120,1755000409230,110,3.1462,7
237302786,1755000409313,1755000409425,112,3.1462,98.859438
237302787,1755000409313,1755000409425,112,3.1461,138.256577
237302789,1755000411038,1755000411148,110,3.146,75.4
237302790,1755000411039,1755000411148,109,3.146,0.032076
237302791,1755000411047,1755000411156,109,3.1458,1
237302794,1755000411727,1755000411836,109,3.1459,1434.19503
237302802,1755000411727,1755000411836,109,3.146,4476.435991
237302803,1755000411727,1755000411836,109,3.1461,446.679453
237302804,1755000412442,1755000412551,109,3.146,100
237302806,1755000415196,1755000415308,112,3.1462,131.238755
237302808,1755000415207,1755000415320,113,3.1464,2.414923
237302809,1755000415517,1755000415627,110,3.1465,74.017153
237302810,1755000415749,1755000415861,112,3.1467,74.017153
237302811,1755000415757,1755000415867,110,3.1469,1.414923
237302813,1755000416073,1755000416186,113,3.147,15.9383
237302814,1755000416073,1755000416186,113,3.147,15.9383
237302815,1755000416073,1755000416186,113,3.147,15.9383
237302816,1755000416073,1755000416186,113,3.147,15.9383
237302817,1755000416078,1755000416187,109,3.147,11.263953
237302818,1755000418667,1755000418783,116,3.1472,191.930225
237302819,1755000418923,1755000419039,116,3.1472,8.74205
237302820,1755000421151,1755000421261,110,3.1472,319.87022
237302821,1755000421185,1755000421294,109,3.147,38.1
237302822,1755000422629,1755000422739,110,3.147,1
237302824,1755000422688,1755000422806,118,3.1471,63.943673
237302825,1755000422977,1755000423089,112,3.147,1
237302826,1755000425109,1755000425224,115,3.147,1
237302829,1755000426550,1755000426660,110,3.1472,299.324026
237302830,1755000427264,1755000427379,115,3.1473,15.9383
237302831,1755000427264,1755000427379,115,3.1473,15.9383
237302832,1755000427268,1755000427381,113,3.1473,42.1
237302833,1755000427269,1755000427381,112,3.1473,0.040553
237302834,1755000427269,1755000427381,112,3.1474,1.414923
237302836,1755000427373,1755000427489,116,3.1475,390.419939
237302837,1755000427377,1755000427489,112,3.1476,1
237302840,1755000428007,1755000428116,109,3.1477,100.106159
237302841,1755000430141,1755000430250,109,3.1477,19.668
237302842,1755000430491,1755000430603,112,3.1476,89.928433
237302843,1755000432452,1755000432564,112,3.1475,328.61227
237302844,1755000432630,1755000432744,114,3.1473,74.017153
237302845,1755000433582,1755000433696,114,3.147,74
237302846,1755000433582,1755000433696,114,3.147,0.017153
237302847,1755000433587,1755000433699,112,3.1469,1.414923
237302848,1755000434222,1755000434339,117,3.1467,65.956065
237302849,1755000434222,1755000434339,117,3.1467,8.061088
237302850,1755000434222,1755000434339,117,3.1466,1.5
237302854,1755000434222,1755000434339,117,3.1465,492.26052
237302858,1755000434223,1755000434340,117,3.1464,1302.920846
237302863,1755000435232,1755000435345,113,3.1463,1550.826013
237302864,1755000435232,1755000435345,113,3.1464,419.72925
237302865,1755000437757,1755000437866,109,3.1463,45.693311
237302867,1755000443516,1755000443626,110,3.1462,119.782279
237302868,1755000444947,1755000445057,110,3.146,28.193
237302870,1755000448397,1755000448507,110,3.1464,2.5
237302871,1755000448625,1755000448743,118,3.1464,4.763
237302872,1755000448777,1755000448889,112,3.1465,74
237302873,1755000448787,1755000448897,110,3.1465,0.017153
237302874,1755000449407,1755000449518,111,3.1467,74.017153
237302875,1755000449409,1755000449518,109,3.1469,1.414923
237302876,1755000449449,1755000449559,110,3.1469,110.537
237302877,1755000451140,1755000451249,109,3.147,74.017153
237302878,1755000451140,1755000451249,109,3.1472,87.204752
237302880,1755000451460,1755000451569,109,3.1473,78.546153
237302881,1755000451460,1755000451569,109,3.1474,1.414923
237302882,1755000451528,1755000451643,115,3.1475,74.017153
237302883,1755000452555,1755000452674,119,3.1478,74.017153
237302885,1755000452555,1755000452674,119,3.1479,13.067657
237302886,1755000453059,1755000453173,114,3.1479,65.890796
237302887,1755000455962,1755000456071,109,3.148,74.017153
237302888,1755000455967,1755000456076,109,3.1482,1
237302890,1755000456698,1755000456807,109,3.1482,64.12
237302892,1755000456698,1755000456807,109,3.1482,64.12
237302893,1755000457594,1755000457734,140,3.1483,74.017153
237302894,1755000457594,1755000457734,140,3.1484,1.414923
237302895,1755000457594,1755000457734,140,3.1486,74.017153
237302896,1755000458875,1755000458989,114,3.1486,183.999
237302898,1755000461170,1755000461284,114,3.1488,75.432076
237302899,1755000461386,1755000461495,109,3.1491,74.017153
237302900,1755000461495,1755000461604,109,3.1492,120.946118
237302903,1755000463626,1755000463738,112,3.1489,635.14243
237302905,1755000464447,1755000464558,111,3.1488,430.955803
237302906,1755000464880,1755000464991,111,3.1486,74.01715
237302907,1755000464887,1755000465007,120,3.1486,0.000003
237302908,1755000464887,1755000465007,120,3.1484,1.414923
237302910,1755000465065,1755000465174,109,3.1484,31.360719
237302911,1755000465534,1755000465646,112,3.1484,17.486299
237302912,1755000465618,1755000465731,113,3.1483,74
237302914,1755000470172,1755000470286,114,3.1483,328.629423
237302915,1755000470177,1755000470289,112,3.1482,1
237302921,1755000471651,1755000471761,110,3.1481,2280.947846
237302922,1755000473123,1755000473232,109,3.148,10.868221
237302923,1755000474542,1755000474654,112,3.148,13.545
237302924,1755000477715,1755000477827,112,3.1483,143.156
237302925,1755000478418,1755000478530,112,3.1485,1.5
237302927,1755000478672,1755000478781,109,3.1485,51.810442
237302928,1755000479811,1755000479926,115,3.1485,8.278
237302930,1755000482255,1755000482364,109,3.1485,382.674753
237302931,1755000483431,1755000483543,112,3.1483,159.122
237302932,1755000485931,1755000486043,112,3.1485,24.881
237302934,1755000486017,1755000486130,113,3.1485,209.471709
237302935,1755000488031,1755000488142,111,3.1485,122.045
237302937,1755000489697,1755000489825,128,3.1482,39.1235
237302939,1755000489698,1755000489825,127,3.1481,340.82141
237302941,1755000490085,1755000490193,108,3.148,50.603932
237302942,1755000490107,1755000490219,112,3.1479,1.414923
237302943,1755000490760,1755000490872,112,3.1478,53.755068
237302945,1755000492417,1755000492530,113,3.1482,2.5
237302947,1755000493541,1755000493652,111,3.1483,180.432153
237302948,1755000493542,1755000493660,118,3.1484,1.414923
237302949,1755000493542,1755000493660,118,3.1485,87.59986
237302952,1755000493542,1755000493661,119,3.1486,424.257389
237302954,1755000496277,1755000496386,109,3.1488,75.432076
237302955,1755000496536,1755000496646,110,3.1491,74.017153
237302957,1755000499349,1755000499461,112,3.1493,75.432076
237302958,1755000499349,1755000499461,112,3.1494,1
237302959,1755000502366,1755000502478,112,3.1492,322.26573
237302960,1755000503005,1755000503119,114,3.1491,74.017153
237302961,1755000505195,1755000505308,113,3.1492,3
237302963,1755000508089,1755000508204,115,3.1493,647.018451
237302964,1755000508097,1755000508207,110,3.1494,1
237302966,1755000508104,1755000508220,116,3.1496,132.675169
237302967,1755000508117,1755000508226,109,3.1498,1.414923
237302969,1755000508747,1755000508856,109,3.1499,75
237302970,1755000508747,1755000508856,109,3.1499,0.027971
237302974,1755000508747,1755000508856,109,3.15,245.032809
237302975,1755000511667,1755000511786,119,3.1498,300
237302976,1755000511795,1755000511907,112,3.1496,62.857363
237302977,1755000511798,1755000511910,112,3.1496,11.15979
237302978,1755000511807,1755000511919,112,3.1494,1
237302979,1755000513855,1755000513965,110,3.1493,1
237302980,1755000515101,1755000515211,110,3.1494,1
237302983,1755000515339,1755000515448,109,3.1493,403.044346
237302984,1755000516147,1755000516256,109,3.1494,1
237302985,1755000522186,1755000522300,114,3.1496,74.017153
237302986,1755000522197,1755000522306,109,3.1498,1.414923
237302987,1755000524624,1755000524734,110,3.1499,74.017153
237302989,1755000524627,1755000524738,111,3.15,3
237302990,1755000525209,1755000525321,112,3.1501,74.017153
237302991,1755000525217,1755000525326,109,3.1503,1.414923
237302992,1755000526533,1755000526642,109,3.1504,22.626487
237302993,1755000531528,1755000531648,120,3.1504,51.390666
237302995,1755000532967,1755000533076,109,3.1503,374.895369
237302996,1755000533266,1755000533375,109,3.1502,19.299504
237302997,1755000534186,1755000534298,112,3.1501,23.213216
237302998,1755000535332,1755000535445,113,3.1501,3
237302999,1755000536303,1755000536415,112,3.1501,42.952345
237303000,1755000538123,1755000538236,113,3.1504,203.237865
237303001,1755000540819,1755000540931,112,3.1501,4.851592
237303004,1755000540820,1755000540933,113,3.15,632.760003
237303005,1755000541032,1755000541141,109,3.1499,74.017153
237303006,1755000541037,1755000541151,114,3.1498,1.414923
237303007,1755000541070,1755000541179,109,3.1497,38.105344
237303008,1755000541070,1755000541179,109,3.1496,56.016038
237303009,1755000541350,1755000541460,110,3.1496,18.001115
237303010,1755000541357,1755000541466,109,3.1494,1
237303011,1755000544197,1755000544308,111,3.1497,1.5
237303012,1755000549268,1755000549383,115,3.1498,1.0015
237303013,1755000550094,1755000550203,109,3.1494,1
237303015,1755000550147,1755000550259,112,3.1493,75.432076
237303017,1755000554415,1755000554527,112,3.1491,379.017153
237303022,1755000557092,1755000557201,109,3.1489,1776.9797
237303023,1755000558199,1755000558311,112,3.1488,46.802899
237303027,1755000558209,1755000558325,116,3.1488,56.731344
237303028,1755000558922,1755000559038,116,3.1488,65.322745
237303030,1755000562785,1755000562897,112,3.1488,54.260199
237303031,1755000567572,1755000567684,112,3.1489,494.923369
237303032,1755000569198,1755000569310,112,3.1491,74
237303033,1755000569200,1755000569312,112,3.1491,0.017153
237303035,1755000569677,1755000569789,112,3.1493,75.432076
237303036,1755000569687,1755000569796,109,3.1494,1
237303037,1755000569691,1755000569818,127,3.1496,74
237303039,1755000569748,1755000569856,108,3.1496,1312.325254
237303040,1755000569757,1755000569866,109,3.1498,1.414923
237303041,1755000570064,1755000570173,109,3.1499,74
237303042,1755000570420,1755000570533,113,3.1499,0.017153
237303043,1755000575749,1755000575864,115,3.1498,310.746128
237303045,1755000576249,1755000576361,112,3.1496,331.628461
237303046,1755000582455,1755000582573,118,3.1499,74
237303047,1755000582455,1755000582573,118,3.1499,0.017153
237303049,1755000582455,1755000582573,118,3.15,3
237303050,1755000585872,1755000585987,115,3.1501,74
237303051,1755000585877,1755000585987,110,3.1501,0.017153
237303053,1755000585877,1755000585987,110,3.1503,2.914923
237303054,1755000587631,1755000587744,113,3.1504,74.017153
237303055,1755000587851,1755000587961,110,3.1505,39.513076
237303056,1755000588277,1755000588390,113,3.1505,47.568614
237303057,1755000591900,1755000592012,112,3.1505,57.937812
237303059,1755000594639,1755000594748,109,3.1506,108.017153
237303060,1755000594649,1755000594762,113,3.1508,1.414923
237303061,1755000594657,1755000594768,111,3.1509,74.017153
237303063,1755000597434,1755000597546,112,3.151,230.15
237303064,1755000600468,1755000600581,113,3.1511,57.943205
237303066,1755000601378,1755000601491,113,3.1511,44.207391
237303067,1755000602717,1755000602826,109,3.1509,230.154
237303069,1755000602757,1755000602869,112,3.1509,75.285091
237303072,1755000606460,1755000606580,120,3.1506,406.121254
237303073,1755000607511,1755000607625,114,3.1504,74.017153
237303074,1755000607517,1755000607626,109,3.1503,1.414923
237303076,1755000611430,1755000611542,112,3.1501,77.509166
237303078,1755000611437,1755000611546,109,3.15,2
237303079,1755000611757,1755000611892,135,3.1499,74.017153
237303080,1755000611767,1755000611892,125,3.1498,1.414923
237303081,1755000613876,1755000613988,112,3.1496,14.929
237303082,1755000617633,1755000617743,110,3.1496,26.272
237303083,1755000618130,1755000618239,109,3.1496,32.816153
237303085,1755000618677,1755000618789,112,3.1493,75.432076
237303086,1755000620517,1755000620629,112,3.1494,1
237303088,1755000621137,1755000621251,114,3.1494,7.266424
237303089,1755000622334,1755000622443,109,3.1493,1.019979
237303090,1755000624065,1755000624177,112,3.1491,16.434812
237303092,1755000625054,1755000625163,109,3.1492,649.723524
237303094,1755000625054,1755000625164,110,3.1493,293.67819
237303096,1755000625054,1755000625164,110,3.1494,711.075855
237303098,1755000628353,1755000628463,110,3.1495,628.561778
237303099,1755000633252,1755000633364,112,3.1494,1
237303100,1755000634837,1755000634949,112,3.1494,1
237303102,1755000640563,1755000640675,112,3.1491,386.194611
237303104,1755000642661,1755000642772,111,3.1488,75.4
237303105,1755000642661,1755000642772,111,3.1488,0.032076
237303106,1755000643085,1755000643194,109,3.1486,74.017153
237303107,1755000643097,1755000643206,109,3.1484,1.414923
237303108,1755000643277,1755000643392,115,3.1483,74
237303109,1755000643294,1755000643403,109,3.1483,0.017153
237303110,1755000643294,1755000643403,109,3.1482,1
237303111,1755000644327,1755000644437,110,3.148,74
237303112,1755000644328,1755000644437,109,3.148,0.017153
237303113,1755000644337,1755000644446,109,3.1479,1.414923
237303114,1755000644750,1755000644870,120,3.1478,20.262085
237303115,1755000645042,1755000645160,118,3.1477,15
237303116,1755000645047,1755000645160,113,3.1476,1
237303118,1755000645510,1755000645631,121,3.1475,245.4133
237303119,1755000645517,1755000645631,114,3.1474,1.414923
237303120,1755000654963,1755000655072,109,3.1474,12.225282
237303122,1755000656181,1755000656289,108,3.1473,402.629423
237303124,1755000657382,1755000657491,109,3.147,79.138361
237303126,1755000660122,1755000660231,109,3.147,38.520902
237303127,1755000660151,1755000660260,109,3.147,15.6008
237303128,1755000660331,1755000660447,116,3.1472,40.285193
237303130,1755000660962,1755000661070,108,3.1472,91.381183
237303131,1755000661036,1755000661145,109,3.1472,84.775295
237303132,1755000665048,1755000665157,109,3.1473,74.0171
237303133,1755000665057,1755000665170,113,3.1473,0.000053
237303134,1755000665087,1755000665198,111,3.1475,74.0171
237303136,1755000668083,1755000668193,110,3.1474,14.704
237303137,1755000669942,1755000670054,112,3.1475,0.000053
237303138,1755000669942,1755000670054,112,3.1476,1
237303139,1755000669985,1755000670094,109,3.1478,74.017153
237303141,1755000669985,1755000670094,109,3.1479,65.539923
237303142,1755000670440,1755000670549,109,3.1479,64.12
237303144,1755000671875,1755000671985,110,3.148,229.218153
237303145,1755000672017,1755000672126,109,3.1482,1
237303147,1755000672542,1755000672651,109,3.1482,64.12
237303150,1755000672646,1755000672755,109,3.1482,64.12
237303151,1755000675307,1755000675420,113,3.1483,74
237303152,1755000675317,1755000675426,109,3.1483,0.017153
237303153,1755000675317,1755000675426,109,3.1484,1.414923
237303154,1755000675354,1755000675472,118,3.1486,74
237303155,1755000675357,1755000675473,116,3.1486,0.017153
237303158,1755000676360,1755000676470,110,3.1488,76.4
237303160,1755000676506,1755000676623,117,3.1487,163.2959
237303161,1755000676649,1755000676758,109,3.1488,0.032076
237303162,1755000676911,1755000677023,112,3.149,6.351122
237303163,1755000676915,1755000677024,109,3.1489,38.115025
237303164,1755000676915,1755000677024,109,3.1488,1
237303168,1755000677817,1755000677927,110,3.1489,2168.124345
237303174,1755000677817,1755000677927,110,3.149,3704.014846
237303178,1755000677817,1755000677927,110,3.1491,2089.222222
237303179,1755000677906,1755000678016,110,3.1489,9.504969
237303180,1755000679682,1755000679795,113,3.1488,74.017153
237303182,1755000679683,1755000679795,112,3.1487,317.115008
237303184,1755000681772,1755000681881,109,3.1486,402.629423
237303185,1755000681777,1755000681888,111,3.1484,1.414923
237303186,1755000690677,1755000690789,112,3.1483,74.017153
237303187,1755000690687,1755000690796,109,3.1482,1
237303189,1755000690839,1755000690948,109,3.1481,1.168959
237303190,1755000692413,1755000692525,112,3.148,23.56782
237303191,1755000693730,1755000693842,112,3.148,50.449333
237303192,1755000693730,1755000693842,112,3.1479,1.414923
237303194,1755000693730,1755000693842,112,3.1478,75.517153
237303195,1755000693737,1755000693858,121,3.1476,1
237303196,1755000699527,1755000699642,115,3.1476,6.354149
237303198,1755000699624,1755000699736,112,3.1476,22.123268
237303200,1755000699917,1755000700030,113,3.1479,1.500001
237303201,1755000701896,1755000702005,109,3.148,74
237303202,1755000701896,1755000702005,109,3.148,0.017153
237303203,1755000701907,1755000702019,112,3.1482,1
237303204,1755000705511,1755000705623,112,3.1482,2.314
237303206,1755000707529,1755000707644,115,3.1482,115.222
237303207,1755000708072,1755000708184,112,3.1482,31.764183
237303208,1755000708252,1755000708361,109,3.1483,74.017153
237303211,1755000708252,1755000708361,109,3.1484,43.038001
237303212,1755000709529,1755000709638,109,3.1485,61.785144
237303213,1755000718565,1755000718679,114,3.1486,14.803431
237303214,1755000721257,1755000721370,113,3.1486,59.2
237303215,1755000721268,1755000721376,108,3.1486,0.013722
237303218,1755000721350,1755000721461,111,3.1488,76.432076
237303219,1755000722022,1755000722131,109,3.1491,74
237303220,1755000722027,1755000722137,110,3.1491,0.017153
237303223,1755000722376,1755000722491,115,3.1493,571.177071
237303224,1755000725220,1755000725336,116,3.1494,6.864036
237303226,1755000725279,1755000725396,117,3.1495,24
237303229,1755000725311,1755000725421,110,3.1495,929.705761
237303231,1755000725340,1755000725470,130,3.1494,39.108974
237303232,1755000725352,1755000725470,118,3.1493,371.38773
237303233,1755000725355,1755000725470,115,3.1492,38.111394
237303234,1755000725408,1755000725523,115,3.1491,74
237303235,1755000725417,1755000725530,113,3.1491,0.017153
237303237,1755000725620,1755000725733,113,3.1488,75.432076
237303238,1755000726444,1755000726553,109,3.1487,7.717737
237303239,1755000726656,1755000726776,120,3.1486,74
237303241,1755000727514,1755000727663,149,3.1486,328.629423
237303242,1755000727518,1755000727663,145,3.1484,1.414923
237303243,1755000731839,1755000731951,112,3.1484,118.184317
237303244,1755000740354,1755000740466,112,3.1483,74.017153
237303245,1755000740354,1755000740466,112,3.1482,1
237303246,1755000740356,1755000740468,112,3.1481,1.5
237303248,1755000740665,1755000740779,114,3.148,75.017153
237303249,1755000740675,1755000740787,112,3.1479,1.414923
237303250,1755000740858,1755000740967,109,3.1478,74.017153
237303252,1755000740867,1755000740979,112,3.1476,7.157739
237303253,1755000745017,1755000745126,109,3.1479,1.5
237303254,1755000747098,1755000747209,111,3.1479,32.258452
237303256,1755000747102,1755000747211,109,3.148,100.063532
237303259,1755000748818,1755000748939,121,3.1482,8.852938
237303260,1755000751994,1755000752109,115,3.1483,74.017153
237303261,1755000751994,1755000752109,115,3.1484,1.414923
237303262,1755000752173,1755000752283,110,3.1486,3.175611
237303263,1755000752211,1755000752319,108,3.1485,3.180926
237303264,1755000754769,1755000754881,112,3.1486,14.803431
237303265,1755000755523,1755000755634,111,3.1485,24.448256
237303266,1755000755588,1755000755704,116,3.1485,27.216308
237303267,1755000758701,1755000758813,112,3.1485,15.144511
237303268,1755000759506,1755000759622,116,3.1485,1
237303269,1755000768000,1755000768112,112,3.1485,49.308286
237303270,1755000770902,1755000771014,112,3.1486,56.038111
237303271,1755000770914,1755000771023,109,3.1487,16.403225
237303274,1755000771296,1755000771409,113,3.1488,76.4
237303275,1755000771307,1755000771416,109,3.1488,0.032076
237303276,1755000771741,1755000771853,112,3.1491,74.017153
237303278,1755000773827,1755000773939,112,3.1493,75.432076
237303279,1755000773837,1755000773946,109,3.1494,1
237303280,1755000775627,1755000775743,116,3.1496,74
237303281,1755000775629,1755000775743,114,3.1496,0.017153
237303282,1755000775629,1755000775743,114,3.1498,1.414923
237303284,1755000781276,1755000781388,112,3.1498,74
237303286,1755000793326,1755000793435,109,3.1498,189.458339
237303287,1755000794987,1755000795096,109,3.1497,3.576657
237303288,1755000795437,1755000795546,109,3.1495,328.61227
237303289,1755000795447,1755000795570,123,3.1494,1
237303291,1755000795494,1755000795607,113,3.1493,75.432076
237303292,1755000795494,1755000795607,113,3.1492,2.037442
237303293,1755000796542,1755000796663,121,3.1494,1
237303294,1755000796857,1755000796970,113,3.1495,3.493232
237303295,1755000797072,1755000797180,108,3.1494,1
237303296,1755000797306,1755000797419,113,3.1491,74.017153
237303297,1755000797695,1755000797804,109,3.149,423.230693
237303298,1755000797814,1755000797922,108,3.1493,74
237303299,1755000797816,1755000797924,108,3.1493,0.017153
237303300,1755000797816,1755000797927,111,3.1494,1
237303301,1755000797828,1755000797938,110,3.1496,74.017153
237303303,1755000797837,1755000797950,113,3.1498,5.999481
237303304,1755000799126,1755000799238,112,3.1498,137.799303
237303305,1755000801834,1755000801944,110,3.1498,109.519503
237303307,1755000804397,1755000804510,113,3.1494,4.492324
237303316,1755000805187,1755000805296,109,3.1494,1717.58838
237303317,1755000806517,1755000806626,109,3.1496,3.492785
237303318,1755000808361,1755000808470,109,3.1493,27.043
237303321,1755000810120,1755000810228,108,3.1493,51.88192
237303322,1755000810614,1755000810728,114,3.1491,47.470735
237303323,1755000811397,1755000811508,111,3.1491,26.54641
237303324,1755000811407,1755000811515,108,3.1491,0.000008
237303326,1755000814170,1755000814282,112,3.1489,30.434505
237303327,1755000814902,1755000815011,109,3.1488,8.56
237303328,1755000816508,1755000816620,112,3.1491,15.452772
237303330,1755000823328,1755000823453,125,3.1488,66.872076
237303331,1755000823328,1755000823453,125,3.1487,1.5
237303332,1755000823575,1755000823690,115,3.1486,50.954669
237303333,1755000823773,1755000823881,108,3.1486,23.06248
237303334,1755000823881,1755000823993,112,3.1486,0.000004
237303335,1755000823881,1755000823993,112,3.1485,138.427894
237303336,1755000823887,1755000823996,109,3.1484,1.414923
237303337,1755000824549,1755000824661,112,3.1483,74.017153
237303339,1755000824587,1755000824699,112,3.1482,2.11439
237303346,1755000829683,1755000829792,109,3.1482,2663.161755
237303347,1755000829835,1755000829944,109,3.1483,672.680562
237303348,1755000831176,1755000831295,119,3.1486,74.017153
237303351,1755000831192,1755000831301,109,3.1488,76.432076
237303352,1755000832121,1755000832230,109,3.149,41.168695
237303354,1755000832704,1755000832816,112,3.149,37
237303356,1755000833580,1755000833693,113,3.149,230.305
237303357,1755000836856,1755000836965,109,3.1488,13.3
237303358,1755000837610,1755000837719,109,3.1489,14.228
237303359,1755000838118,1755000838231,113,3.1489,286.634717
237303360,1755000839813,1755000839925,112,3.1488,230.315
237303361,1755000841331,1755000841443,112,3.1488,16.539
237303362,1755000841557,1755000841667,110,3.1488,81.75827
237303363,1755000841930,1755000842039,109,3.1486,74.017153
237303364,1755000842790,1755000842903,113,3.1484,1.414923
237303365,1755000842813,1755000842922,109,3.1484,176.662879
237303366,1755000843431,1755000843541,110,3.1483,52.265198
237303367,1755000844472,1755000844583,111,3.1483,21.75195
237303369,1755000844727,1755000844843,116,3.1483,595.252694
237303370,1755000844737,1755000844845,108,3.1482,1
237303371,1755000845162,1755000845275,113,3.1481,1.11439
237303373,1755000845162,1755000845275,113,3.148,75.017153
237303374,1755000845419,1755000845535,116,3.1479,1.414923
237303375,1755000845533,1755000845644,111,3.1478,43.566585
237303376,1755000845716,1755000845826,110,3.1478,30.450568
237303378,1755000846133,1755000846243,110,3.1476,16.475
237303379,1755000849816,1755000849928,112,3.1475,59.649
237303380,1755000850027,1755000850135,108,3.1475,14.368153
237303381,1755000850037,1755000850151,114,3.1474,1.414923
237303382,1755000850116,1755000850225,109,3.1474,77.5556
237937477,1755169682233,1755169682349,116,3.2028,65.704654
237937478,1755169682248,1755169682361,113,3.2026,1.414923
237937479,1755169683844,1755169683956,112,3.2024,73.637332
237937481,1755169683866,1755169683978,112,3.2022,2.5
237937482,1755169683866,1755169683978,112,3.2021,1.414923
237937483,1755169685337,1755169685449,112,3.2022,1
237937485,1755169687624,1755169687736,112,3.2021,226.628
237937486,1755169688770,1755169688884,114,3.2021,4.662703
237937488,1755169689128,1755169689243,115,3.2022,226.628
237937489,1755169689381,1755169689494,113,3.2022,10.002637
237937490,1755169689896,1755169690008,112,3.2021,226.577
237937491,1755169690389,1755169690525,136,3.2021,120.679
237937493,1755169690391,1755169690528,137,3.2022,94.654685
237937495,1755169690392,1755169690533,141,3.2024,884.594177
237937496,1755169690396,1755169690533,137,3.2025,99.297994
237937498,1755169690420,1755169690541,121,3.2025,300
237937499,1755169690429,1755169690544,115,3.2025,300
237937501,1755169691385,1755169691497,112,3.2026,226.577
237937502,1755169692662,1755169692774,112,3.2023,3.380318
237937504,1755169692872,1755169692985,113,3.2023,226.577
237937505,1755169693232,1755169693344,112,3.2023,31.227555
237937506,1755169693508,1755169693620,112,3.2021,1.414923
237937509,1755169694358,1755169694470,112,3.2021,312.295056
237937510,1755169694825,1755169694941,116,3.2021,226.628
237937511,1755169695456,1755169695569,113,3.2021,7.823059
237937512,1755169695641,1755169695754,113,3.2022,1
237937513,1755169696335,1755169696458,123,3.2026,1.414923
237937515,1755169696336,1755169696458,122,3.2028,74.637332
237937517,1755169696524,1755169696640,116,3.2031,75.052255
237937518,1755169696573,1755169696685,112,3.2034,1
237937519,1755169696573,1755169696685,112,3.2035,73.637332
237937520,1755169696577,1755169696689,112,3.2036,1.414923
237937521,1755169697254,1755169697366,112,3.2033,41.520183
237937522,1755169697624,1755169697739,115,3.2032,250.998798
237937524,1755169698229,1755169698344,115,3.2031,75.052255
237937525,1755169700205,1755169700318,113,3.203,55.05
237937526,1755169701669,1755169701781,112,3.2029,226.628
237937527,1755169701934,1755169702046,112,3.2028,73.637332
237937528,1755169702192,1755169702307,115,3.2026,1.414923
237937530,1755169703800,1755169703932,132,3.2028,226.628
237937531,1755169704168,1755169704282,114,3.2027,13.476752
237937532,1755169705011,1755169705125,114,3.2025,12.721908
237937533,1755169706927,1755169707039,112,3.2024,73.63733
237937534,1755169706936,1755169707048,112,3.2024,0.000002
237937535,1755169706936,1755169707048,112,3.2022,1
237937536,1755169706936,1755169707049,113,3.2021,1.414923
237937538,1755169708195,1755169708310,115,3.2021,226.628
237937541,1755169708405,1755169708517,112,3.202,75.694757
237937542,1755169708416,1755169708527,111,3.2019,4.208026
237937544,1755169708601,1755169708714,113,3.2018,38.821894
237937850,1755169824375,1755169824506,131,3.2067,51.260332
237937851,1755169824416,1755169824541,125,3.2069,1.414923
237937852,1755169824416,1755169824541,125,3.207,1
237937853,1755169825097,1755169825219,122,3.2071,20.377
237937856,1755169825794,1755169825918,124,3.2071,1515.928961
237937858,1755169826702,1755169826825,123,3.2074,22.972
237937859,1755169828187,1755169828314,127,3.2074,13.378
237937860,1755169829654,1755169829782,128,3.2074,14.256
237937861,1755169830029,1755169830164,135,3.2074,24.44625
237937862,1755169830038,1755169830164,126,3.2074,0.000005
237937863,1755169830038,1755169830164,126,3.2076,1
237937864,1755169830825,1755169830950,125,3.2078,73.63733
237937865,1755169830864,1755169830989,125,3.2078,0.000002
237937867,1755169831102,1755169831224,122,3.2078,31.177829
237937868,1755169831133,1755169831257,124,3.2079,1.414923
237937869,1755169831137,1755169831261,124,3.208,3
237937870,1755169831742,1755169831866,124,3.2082,73.637332
237937872,1755169832443,1755169832570,127,3.2084,36.288
237937879,1755169835357,1755169835482,125,3.2083,3591.077701
237937884,1755169835357,1755169835483,126,3.2082,2734.197465
237937885,1755169836328,1755169836457,129,3.2079,1.414923
237937886,1755169836763,1755169836890,127,3.2078,73.6373
237937887,1755169837164,1755169837289,125,3.2078,0.000032
237937888,1755169837176,1755169837302,126,3.2076,1
237937889,1755169837716,1755169837838,122,3.2076,1
237937890,1755169838961,1755169839086,125,3.2079,226.372
237937892,1755169839816,1755169839938,122,3.208,3.000001
237937894,1755169841420,1755169841542,122,3.2081,135.311
237937895,1755169841578,1755169841706,128,3.2081,15.29528
237937896,1755169841578,1755169841707,129,3.2081,15.29528
237937897,1755169841578,1755169841707,129,3.2081,15.29528
237937898,1755169841578,1755169841707,129,3.2081,15.29528
237937899,1755169841609,1755169841731,122,3.2082,1100
237937900,1755169841609,1755169841731,122,3.2082,12524.52858
237937901,1755169842602,1755169842730,128,3.2082,450.991393
237937902,1755169843820,1755169843945,125,3.2082,20.801
237937903,1755169846056,1755169846181,125,3.2082,86.81
237937906,1755169846295,1755169846426,131,3.2081,929.356909
237937907,1755169846295,1755169846427,132,3.208,1
237937908,1755169846306,1755169846428,122,3.2078,15.29528
237937909,1755169846306,1755169846428,122,3.2078,15.29528
237937910,1755169846802,1755169846930,128,3.2077,149.269626
237937911,1755169847258,1755169847385,127,3.2077,346.761514
237937912,1755169848664,1755169848786,122,3.208,9.022443
237937913,1755169850353,1755169850478,125,3.2081,60.249
237937914,1755169850487,1755169850609,122,3.208,100.0332
237937915,1755169852416,1755169852538,122,3.2078,8.592
237937916,1755169854524,1755169854653,129,3.2081,18.166
237937929,1755169854597,1755169854720,123,3.208,6827.06717
237937930,1755169856510,1755169856632,122,3.208,425.335302
237937931,1755169856615,1755169856740,125,3.208,271.322567
237937932,1755169856626,1755169856750,124,3.2081,6.04993
237937933,1755169856660,1755169856782,122,3.2082,15.29528
237937934,1755169856660,1755169856782,122,3.2082,15.29528
237937935,1755169856826,1755169856950,124,3.2082,893.856325
237937936,1755169856871,1755169856996,125,3.2082,1388.282508
237937937,1755169856897,1755169857018,121,3.2082,990.34781
237937938,1755169856898,1755169857022,124,3.2082,1188.934479
237937939,1755169856899,1755169857022,123,3.2082,658.04952
237937940,1755169856900,1755169857022,122,3.2082,801.073632
237937941,1755169856908,1755169857033,125,3.2082,148.275415
237937942,1755169856908,1755169857033,125,3.2082,87.042617
237937943,1755169856910,1755169857033,123,3.2082,97.611969
237937944,1755169856916,1755169857037,121,3.2082,1796.674076
237937945,1755169856942,1755169857066,124,3.2082,10614.359334
237937946,1755169856975,1755169857097,122,3.2082,424.198691
237937947,1755169857023,1755169857144,121,3.2082,672.761273
237937948,1755169857455,1755169857578,123,3.2082,199.385
237937949,1755169857468,1755169857590,122,3.2082,164.153538
237937950,1755169857546,1755169857670,124,3.2082,278.09755
237937951,1755169857573,1755169857701,128,3.2082,72.838079
237937952,1755169857577,1755169857701,124,3.2082,1237.707584
237937953,1755169857579,1755169857701,122,3.2082,376.60369
237937954,1755169857617,1755169857754,137,3.2082,100
237937955,1755169857617,1755169857755,138,3.2082,500
237937956,1755169857617,1755169857755,138,3.2082,1300
237937957,1755169857639,1755169857761,122,3.2082,491.511724
237937958,1755169857661,1755169857786,125,3.2082,981.485268
237937959,1755169857685,1755169857809,124,3.2082,428.991863
237937960,1755169857725,1755169857850,125,3.2082,183.479117
237937961,1755169857732,1755169857854,122,3.2082,96.575485
237937962,1755169857732,1755169857854,122,3.2082,204.096278
237937963,1755169857733,1755169857855,122,3.2082,366.522577
237937964,1755169857733,1755169857855,122,3.2082,469.211532
237937965,1755169857733,1755169857856,123,3.2082,148.512818
237937966,1755169857735,1755169857856,121,3.2082,1056.7212
237937967,1755169857736,1755169857857,121,3.2082,800
237937968,1755169857743,1755169857865,122,3.2082,1598.340078
237937969,1755169857745,1755169857866,121,3.2082,74.531477
237937970,1755169857745,1755169857867,122,3.2082,146.000018
237937971,1755169857745,1755169857867,122,3.2082,319.670494
237937972,1755169857746,1755169857870,124,3.2082,176.941636
237937973,1755169857914,1755169858038,124,3.2082,678.588115
237937974,1755169857944,1755169858074,130,3.2082,166.233969
237937975,1755169857976,1755169858097,121,3.2082,147.643038
237937976,1755169858101,1755169858234,133,3.2082,2974.794282
237937977,1755169858450,1755169858572,122,3.2082,117.905107
237937978,1755169858686,1755169858818,132,3.2082,15.29528
237937979,1755169858686,1755169858819,133,3.2082,15.29528
237937980,1755169858686,1755169858819,133,3.2082,15.29528
237937981,1755169858686,1755169858819,133,3.2082,15.29528
237937982,1755169858686,1755169858819,133,3.2082,15.29528
237937983,1755169858686,1755169858819,133,3.2082,6118.609526
237937984,1755169858686,1755169858819,133,3.2082,15.29528
237937985,1755169858686,1755169858819,133,3.2082,1451.94816
237937986,1755169858686,1755169858819,133,3.2082,27878.956242
237937987,1755169858687,1755169858819,132,3.2082,990.638862
237937988,1755169858688,1755169858819,131,3.2082,3.2
237937989,1755169858688,1755169858819,131,3.2082,3.2
237937990,1755169858688,1755169858819,131,3.2082,3.2
237937991,1755169858688,1755169858819,131,3.2082,3.2
237937992,1755169858688,1755169858819,131,3.2082,1822.5
237937993,1755169858688,1755169858819,131,3.2082,3.2
237937994,1755169858688,1755169858819,131,3.2082,3.2
237937995,1755169858688,1755169858819,131,3.2082,3.2
237937996,1755169858688,1755169858819,131,3.2082,3.2
237937997,1755169858688,1755169858819,131,3.2082,3.2
237937998,1755169858688,1755169858819,131,3.2082,342.825199
237937999,1755169858688,1755169858819,131,3.2082,3.2
237938000,1755169858688,1755169858819,131,3.2082,3.2
237938001,1755169858688,1755169858819,131,3.2082,550.77798
237938002,1755169858688,1755169858819,131,3.2082,398.119401
237938003,1755169858688,1755169858819,131,3.2082,3.2
237938004,1755169858689,1755169858835,146,3.2082,650.111786
237938005,1755169858689,1755169858835,146,3.2082,877.531577
237938006,1755169858689,1755169858835,146,3.2082,3.2
237938007,1755169858689,1755169858835,146,3.2082,3.2
237938008,1755169858689,1755169858835,146,3.2082,3.2
237938009,1755169858689,1755169858835,146,3.2082,804.86352
237938010,1755169858689,1755169858835,146,3.2082,101.933895
237938011,1755169858689,1755169858835,146,3.2082,877.58776
237938012,1755169858689,1755169858835,146,3.2082,1080.720596
237938013,1755169858689,1755169858835,146,3.2082,95.279972
237938014,1755169858689,1755169858835,146,3.2082,989.468366
237938015,1755169858690,1755169858835,145,3.2082,833.777969
237938016,1755169858690,1755169858835,145,3.2082,6700.001532
237938017,1755169858690,1755169858835,145,3.2082,5698.854386
237938018,1755169858690,1755169858835,145,3.2082,10614.359334
237938019,1755169858690,1755169858835,145,3.2082,3217.798104
237938020,1755169858690,1755169858835,145,3.2082,1081.794408
237938021,1755169858691,1755169858835,144,3.2082,15.29528
237938022,1755169858691,1755169858835,144,3.2082,15.29528
237938023,1755169858691,1755169858835,144,3.2082,97.81355
237938024,1755169858691,1755169858835,144,3.2082,3039.200284
237938025,1755169858692,1755169858835,143,3.2082,2307.398248
237938026,1755169858692,1755169858835,143,3.2082,7079.5448
237938027,1755169858692,1755169858835,143,3.2082,1445.786464
237938028,1755169858692,1755169858835,143,3.2082,191.991701
237938029,1755169858692,1755169858835,143,3.2082,5606.379258
237938030,1755169858693,1755169858835,142,3.2082,31.167696
237938031,1755169858694,1755169858835,141,3.2082,550.77798
237938032,1755169858694,1755169858835,141,3.2082,239.651462
237938033,1755169858694,1755169858835,141,3.2082,803.797205
237938034,1755169858696,1755169858835,139,3.2082,1245.76909
237938035,1755169858696,1755169858835,139,3.2082,550.77798
237938037,1755169858696,1755169858835,139,3.2082,977.950761
237938038,1755169858706,1755169858835,129,3.2084,1.414923
237938039,1755169858740,1755169858866,126,3.2085,73.637332
237938041,1755169858756,1755169858886,130,3.2088,2.414923
237938042,1755169858859,1755169858986,127,3.2089,3.2
237938043,1755169858859,1755169858986,127,3.2089,41.6
237938044,1755169859681,1755169859806,125,3.2089,4.674499
237938049,1755169860037,1755169860175,138,3.2088,1611.972034
237938050,1755169860059,1755169860181,122,3.2088,15.29528
237938051,1755169860059,1755169860181,122,3.2088,15.29528
237938052,1755169860267,1755169860392,125,3.2087,613.019763
237938054,1755169860273,1755169860396,123,3.2085,257.313237
237938055,1755169860277,1755169860399,122,3.2084,1.414923
237938057,1755169860349,1755169860473,124,3.2082,74.637332
237938059,1755169860357,1755169860482,125,3.208,10.824658
237938060,1755169863658,1755169863785,127,3.2081,6.234317
237938061,1755169865703,1755169865830,127,3.2085,73.63733
237938062,1755169865706,1755169865832,126,3.2085,0.000002
237938065,1755169865716,1755169865841,125,3.2088,2.414924
237938067,1755169865774,1755169865898,124,3.2089,24.316744
237938068,1755169865935,1755169866057,122,3.2088,18.8603
237938069,1755169867558,1755169867689,131,3.2092,4.494
237938070,1755169867615,1755169867741,126,3.2092,69.143332
237938072,1755169867615,1755169867741,126,3.2093,35.69031
237938073,1755169867626,1755169867755,129,3.2094,1
237938074,1755169867811,1755169867933,122,3.2096,15.29528
237938075,1755169867811,1755169867933,122,3.2096,15.29528
237938076,1755169869191,1755169869326,135,3.2096,43.046772
237938077,1755169869281,1755169869406,125,3.2098,1.414923
237938083,1755169869328,1755169869452,124,3.21,792.77607
237938084,1755169869636,1755169869762,126,3.2102,1.5
237938085,1755169870253,1755169870382,129,3.2103,16.419
237938087,1755169871223,1755169871354,131,3.2103,58.633255
237938088,1755169871336,1755169871458,122,3.2106,1
237938089,1755169872461,1755169872584,123,3.2107,67.151
237938090,1755169872478,1755169872602,124,3.2107,6.486332
237938092,1755169872478,1755169872602,124,3.2108,7.888233
237938093,1755169872478,1755169872602,124,3.211,73.637332
237938094,1755169872478,1755169872602,124,3.2111,62.313358
237938101,1755169872478,1755169872602,124,3.2112,1571.674745
237938102,1755169872824,1755169872945,121,3.2111,21.014605
237938103,1755169873222,1755169873348,126,3.211,40.213472
237938104,1755169874437,1755169874566,129,3.2112,1
237938107,1755169875298,1755169875424,126,3.2113,173.430245
237938109,1755169875375,1755169875498,123,3.2112,1.000001
237938110,1755169875919,1755169876050,131,3.2109,4.061353
237938111,1755169877253,1755169877375,122,3.2111,9.352204
237938112,1755169877269,1755169877392,123,3.2111,34.219
237938113,1755169878168,1755169878294,126,3.2112,1
237938114,1755169882471,1755169882598,127,3.2113,159.383866
237938115,1755169883816,1755169883937,121,3.2114,30.589978
237938116,1755169887378,1755169887506,128,3.2114,20.994
237938117,1755169890524,1755169890650,126,3.2114,8.582
237938119,1755169890777,1755169890902,125,3.2114,21.2
237938120,1755169890786,1755169890925,139,3.2114,2.386381
237938121,1755169892044,1755169892173,129,3.2117,1.414923
237938123,1755169892330,1755169892454,124,3.2118,74.637332
237938125,1755169892336,1755169892457,121,3.212,2.5
237938126,1755169892713,1755169892842,129,3.2121,21.456077
237938127,1755169892860,1755169892990,130,3.2121,21.014289
237938128,1755169892892,1755169893015,123,3.2121,1.771426
237938131,1755169893625,1755169893750,125,3.212,56.208968
237938133,1755169893625,1755169893750,125,3.2118,63.249835
237938134,1755169894937,1755169895062,125,3.2115,15.962
237938136,1755169895816,1755169895946,130,3.212,3.5
237938137,1755169896667,1755169896790,123,3.2121,29.39554
237938138,1755169896676,1755169896802,126,3.2122,1.414923
237938141,1755169896698,1755169896822,124,3.2124,5.425083
237938142,1755169899170,1755169899298,128,3.2125,14.087
237938144,1755169901618,1755169901750,132,3.2125,99.245608
237938145,1755169901618,1755169901751,133,3.2125,116.019454
237938146,1755169901626,1755169901751,125,3.2127,1.414923
237938147,1755169901683,1755169901816,133,3.2128,73.637332
237938148,1755169901686,1755169901816,130,3.2129,2.382115
237938149,1755169901686,1755169901816,130,3.213,1
237938150,1755169902945,1755169903068,123,3.2132,21.01332
237938151,1755169906361,1755169906490,129,3.2132,15.560811
237938153,1755169907673,1755169907799,126,3.2132,38.478124
237938154,1755169907751,1755169907873,122,3.2134,1.022215
237938155,1755169908459,1755169908586,127,3.2135,1.5
237938158,1755169909323,1755169909447,124,3.2135,945.651292
237938159,1755169909466,1755169909594,128,3.2133,6.223745
237938160,1755169909507,1755169909634,127,3.2132,15.29528
237938161,1755169909507,1755169909634,127,3.2132,15.29528
237938163,1755169909508,1755169909635,127,3.2132,175.331285
237938164,1755169909508,1755169909635,127,3.2131,3.996
237938165,1755169909552,1755169909678,126,3.213,1
237938166,1755169909625,1755169909748,123,3.2128,73.637332
237938167,1755169909625,1755169909748,123,3.2127,1.414923
237938168,1755169912572,1755169912701,129,3.2126,280.8439
237938169,1755169912816,1755169912937,121,3.2125,9.018992
237938171,1755169912833,1755169912955,122,3.2125,290.68334
237938172,1755169912836,1755169912962,126,3.2124,1
237938173,1755169913636,1755169913757,121,3.2122,1.414923
237938174,1755169913821,1755169913946,125,3.2121,73.637332
237938175,1755169913821,1755169913947,126,3.212,1
237938176,1755169913867,1755169913994,127,3.2119,226.065
237938178,1755169916406,1755169916541,135,3.2118,299.753332
237938179,1755169916406,1755169916541,135,3.2117,1.414923
237938180,1755169916406,1755169916541,135,3.2116,1.5
237938181,1755169916406,1755169916541,135,3.2115,102.769314
237938183,1755169917767,1755169917902,135,3.2118,14.09774
237938184,1755169919136,1755169919258,122,3.212,1.5
237938185,1755169919728,1755169919849,121,3.2121,32.721
237938186,1755169922366,1755169922488,122,3.2121,2.306307
237938187,1755169923348,1755169923469,121,3.2121,21.014289
237938188,1755169924062,1755169924184,122,3.2121,15.29528
237938190,1755169924062,1755169924184,122,3.2121,15.29528
237938192,1755169924065,1755169924188,123,3.2121,1980.621388
237938195,1755169924065,1755169924188,123,3.2122,985.778048
237938196,1755169924091,1755169924212,121,3.2124,1
237938197,1755169924854,1755169924976,122,3.2124,81
237938199,1755169926659,1755169926782,123,3.212,660.341836
237938200,1755169927149,1755169927283,134,3.2119,7.126092
237938201,1755169927800,1755169927924,124,3.212,1
237938202,1755169928588,1755169928715,127,3.2124,1
237938203,1755169934044,1755169934169,125,3.2122,1.254525
237938206,1755169934750,1755169934882,132,3.2123,968.715291
237938208,1755169934759,1755169934923,164,3.2121,128.935422
237938209,1755169934759,1755169934923,164,3.2121,62.3
237938210,1755169934759,1755169934923,164,3.2121,22.682844
237938212,1755169934760,1755169934923,163,3.212,4.424497
237938214,1755169934762,1755169934931,169,3.2119,364.457827
237938216,1755169934762,1755169934932,170,3.2118,74.637332
237938217,1755169934765,1755169934932,167,3.2118,302.208685
237938220,1755169934765,1755169934932,167,3.2117,379.220121
237938223,1755169934801,1755169934933,132,3.2116,1477.572
237938224,1755169934982,1755169935104,122,3.2116,25
237938225,1755169935021,1755169935146,125,3.2116,25
237938226,1755169935083,1755169935204,121,3.2116,25
237938227,1755169935090,1755169935214,124,3.2116,25
237938228,1755169935219,1755169935346,127,3.2116,25
237938229,1755169935294,1755169935426,132,3.2116,25
237938230,1755169935416,1755169935537,121,3.2116,25
237938231,1755169935525,1755169935671,146,3.2115,6.227523
237938234,1755169935525,1755169935671,146,3.2114,880.95553
237938238,1755169935525,1755169935671,146,3.2112,323.676959
237938239,1755169935526,1755169935672,146,3.2111,302.208685
237938242,1755169935526,1755169935672,146,3.211,377.346017
237938244,1755169935526,1755169935672,146,3.2109,919.970795
237938245,1755169935541,1755169935684,143,3.2109,15.29528
237938246,1755169935541,1755169935684,143,3.2109,15.29528
237938247,1755169935701,1755169935823,122,3.2109,25
237938248,1755169935809,1755169935932,123,3.2109,25
237938249,1755169937071,1755169937193,122,3.2109,6.228822
237938250,1755169937491,1755169937619,128,3.2112,1
237938251,1755169937746,1755169937874,128,3.2114,46.303
237938252,1755169937921,1755169938043,122,3.2112,1
237938253,1755169939162,1755169939286,124,3.2114,7.859
237938254,1755169940237,1755169940362,125,3.2114,19.475332
237938255,1755169940407,1755169940531,124,3.2117,1.414923
237938257,1755169941263,1755169941390,127,3.2118,9.794
237938258,1755169942358,1755169942480,122,3.2117,5.111082
237938259,1755169942665,1755169942791,126,3.2116,6.227135
237938260,1755169942818,1755169942942,124,3.2113,1.044694
237938261,1755169942818,1755169942942,124,3.2113,1.044694
237938262,1755169942818,1755169942942,124,3.2113,1.044694
237938263,1755169942818,1755169942943,125,3.2113,1.044694
237938264,1755169942818,1755169942943,125,3.2113,1.044694
237938265,1755169942818,1755169942943,125,3.2113,1.044694
237938266,1755169942818,1755169942946,128,3.2113,1.044694
237938267,1755169942818,1755169942946,128,3.2113,1.044694
237938268,1755169942818,1755169942946,128,3.2113,1.044694
237938269,1755169942818,1755169942946,128,3.2113,1.044694
237938270,1755169942818,1755169942946,128,3.2113,1.044694
237938271,1755169942819,1755169942947,128,3.2113,1.044694
237938272,1755169942819,1755169942958,139,3.2113,1.044694
237938273,1755169942819,1755169942959,140,3.2113,1.044694
237938274,1755169942819,1755169942959,140,3.2113,1.044694
237938275,1755169942819,1755169942959,140,3.2113,1.044694
237938276,1755169942819,1755169942959,140,3.2113,1.044694
237938277,1755169942819,1755169942959,140,3.2113,1.044694
237938278,1755169942819,1755169942959,140,3.2113,1.044694
237938279,1755169942819,1755169942959,140,3.2113,1.044694
237938280,1755169942819,1755169942959,140,3.2113,1.044694
237938281,1755169942819,1755169942959,140,3.2113,1.044694
237938282,1755169942819,1755169942959,140,3.2113,1.044694
237938283,1755169942819,1755169942959,140,3.2113,1.044694
237938284,1755169942819,1755169942959,140,3.2113,1.044694
237938285,1755169942819,1755169942959,140,3.2113,1.044694
237938286,1755169942819,1755169942959,140,3.2113,1.044694
237938287,1755169942819,1755169942959,140,3.2113,1.044694
237938288,1755169942819,1755169942959,140,3.2113,1.044694
237938289,1755169942819,1755169942959,140,3.2113,1.044694
237938290,1755169942819,1755169942959,140,3.2113,1.044694
237938291,1755169942819,1755169942959,140,3.2113,1.044694
237938292,1755169942819,1755169942959,140,3.2113,1.044694
237938293,1755169942819,1755169942959,140,3.2113,1.044694
237938294,1755169942819,1755169942959,140,3.2113,1.044694
237938295,1755169942819,1755169942963,144,3.2113,1.044694
237938296,1755169942819,1755169942963,144,3.2113,1.044694
237938297,1755169942819,1755169942963,144,3.2113,1.044694
237938298,1755169942819,1755169942963,144,3.2113,1.044694
237938299,1755169942819,1755169942963,144,3.2113,1.044694
237938300,1755169942819,1755169942963,144,3.2113,1.044694
237938301,1755169942819,1755169942963,144,3.2113,1.044694
237938302,1755169942819,1755169942963,144,3.2113,1.044694
237938303,1755169942819,1755169942963,144,3.2113,1.044694
237938304,1755169942819,1755169942963,144,3.2113,1.044694
237938305,1755169942819,1755169942963,144,3.2113,1.044694
237938306,1755169942819,1755169942963,144,3.2113,1.044694
237938307,1755169942819,1755169942963,144,3.2113,1.044694
237938308,1755169942819,1755169942963,144,3.2113,1.044694
237938309,1755169942819,1755169942963,144,3.2113,1.044694
237938310,1755169942819,1755169942963,144,3.2113,1.044694
237938312,1755169942833,1755169942963,130,3.2112,2.414923
237938314,1755169942833,1755169942963,130,3.2111,10
237938315,1755169943139,1755169943261,122,3.211,73.637332
237938316,1755169943146,1755169943270,124,3.2108,1.414923
237938317,1755169943218,1755169943340,122,3.2107,73.637332
237938318,1755169943226,1755169943354,128,3.2106,1
237938319,1755169943396,1755169943517,121,3.2105,23.864
237938320,1755169943681,1755169943806,125,3.2105,10
237938321,1755169943799,1755169943926,127,3.2105,10
237938322,1755169943911,1755169944033,122,3.2105,10
237938325,1755169944740,1755169944870,130,3.2103,731.481659
237938327,1755169944886,1755169945010,124,3.2101,459
237938328,1755169944903,1755169945030,127,3.2101,25
237938329,1755169944990,1755169945113,123,3.2101,25
237938330,1755169945026,1755169945147,121,3.2101,25
237938331,1755169945109,1755169945234,125,3.2101,25
237938332,1755169945189,1755169945314,125,3.2101,25
237938334,1755169945295,1755169945420,125,3.2101,25
237938335,1755169945321,1755169945445,124,3.2101,25
237938336,1755169945421,1755169945546,125,3.2101,25
237938337,1755169945491,1755169945626,135,3.2101,25
237938338,1755169945624,1755169945745,121,3.2101,25
237938339,1755169945646,1755169945774,128,3.2101,25
237938340,1755169945791,1755169945915,124,3.2101,25
237938341,1755169946016,1755169946138,122,3.2101,25
237938342,1755169946085,1755169946210,125,3.2101,25
237938343,1755169946118,1755169946239,121,3.2101,25
237938344,1755169946192,1755169946314,122,3.2101,25
237938345,1755169946227,1755169946354,127,3.2101,25
237938346,1755169946311,1755169946434,123,3.2101,25
237938347,1755169946411,1755169946532,121,3.2101,25
237938348,1755169946478,1755169946600,122,3.2101,25
237938349,1755169946527,1755169946649,122,3.2101,25
237938350,1755169946609,1755169946734,125,3.2101,25
237938351,1755169946689,1755169946814,125,3.2101,25
237938352,1755169946698,1755169946820,122,3.2101,25
237938353,1755169946787,1755169946914,127,3.2101,25
237938354,1755169946911,1755169947033,122,3.2101,25
237938355,1755169946922,1755169947043,121,3.2101,25
237938356,1755169946982,1755169947106,124,3.21,19.98
237938357,1755169946996,1755169947122,126,3.2101,25
237938358,1755169947086,1755169947215,129,3.2101,25
237938359,1755169947137,1755169947261,124,3.2101,25
237938360,1755169947189,1755169947314,125,3.2101,25
237938361,1755169947307,1755169947429,122,3.2101,25
237938362,1755169947343,1755169947471,128,3.2101,25
237938363,1755169947390,1755169947526,136,3.2101,25
237938364,1755169947490,1755169947612,122,3.2101,25
237938365,1755169947648,1755169947770,122,3.2103,25
237938366,1755169947659,1755169947781,122,3.2103,25
237938367,1755169947896,1755169948017,121,3.2103,5.327446
237938368,1755169949905,1755169950030,125,3.2105,18.699
237938369,1755169950480,1755169950605,125,3.2101,25
237938370,1755169950508,1755169950630,122,3.2101,25
237938371,1755169950598,1755169950722,124,3.2101,25
237938372,1755169950684,1755169950812,128,3.2101,25
237938373,1755169950707,1755169950838,131,3.2101,25
237938379,1755169950779,1755169950903,124,3.21,210.232938
237938380,1755169950779,1755169950903,124,3.2099,388.240034
237938381,1755169950781,1755169950904,123,3.2099,210.232938
237938382,1755169950795,1755169950917,122,3.2098,1.414923
237938384,1755169950812,1755169950936,124,3.2097,25
237938385,1755169950896,1755169951019,123,3.2097,80.83885
237938386,1755169950914,1755169951042,128,3.2097,25
237938387,1755169950943,1755169951066,123,3.2097,25
237938388,1755169951001,1755169951125,124,3.2097,25
237938389,1755169951089,1755169951214,125,3.2097,25
237938390,1755169951158,1755169951286,128,3.2096,73.63733
237938391,1755169951208,1755169951330,122,3.2096,0.000002
237938392,1755169951216,1755169951338,122,3.2094,1
237938393,1755169951216,1755169951338,122,3.2093,1.414923
237938395,1755169951388,1755169951514,126,3.2093,25
237938396,1755169951519,1755169951641,122,3.2093,25
237938397,1755169951588,1755169951714,126,3.2093,25
237938398,1755169951666,1755169951790,124,3.2093,25
237938399,1755169951700,1755169951821,121,3.2093,25
237938400,1755169951789,1755169951913,124,3.2093,25
237938401,1755169951889,1755169952022,133,3.2093,25
237938402,1755169952249,1755169952374,125,3.2093,24.669
237938403,1755169952847,1755169952974,127,3.2093,21.45016
237938404,1755169954314,1755169954435,121,3.2094,25
237938405,1755169954386,1755169954510,124,3.2094,25
237938406,1755169954400,1755169954526,126,3.2094,25
237938407,1755169954402,1755169954526,124,3.2094,25
237938408,1755169954480,1755169954603,123,3.2093,25
237938409,1755169954488,1755169954612,124,3.2093,25
237938410,1755169954589,1755169954713,124,3.2093,25
237938411,1755169954688,1755169954809,121,3.2093,25
237938412,1755169954785,1755169954910,125,3.2093,6.539
237938413,1755169955472,1755169955597,125,3.2092,73.637332
237938414,1755169955587,1755169955708,121,3.209,4.514
237938416,1755169957332,1755169957454,122,3.2091,595.083208
237938417,1755169957553,1755169957674,121,3.2089,73.637332
237938419,1755169957556,1755169957677,121,3.2088,2.414923
237938420,1755169957787,1755169957909,122,3.2087,25
237938421,1755169957799,1755169957926,127,3.2087,25
237938422,1755169957887,1755169958009,122,3.2087,25
237938423,1755169957901,1755169958023,122,3.2087,25
237938424,1755169958023,1755169958147,124,3.2087,25
237938425,1755169958100,1755169958222,122,3.2087,25
237938426,1755169958163,1755169958284,121,3.2087,25
237938427,1755169958194,1755169958315,121,3.2087,25
237938428,1755169958298,1755169958421,123,3.2087,25
237938429,1755169958408,1755169958538,130,3.2087,25
237938430,1755169958422,1755169958543,121,3.2087,226.167
237938431,1755169958434,1755169958556,122,3.2087,25
237938432,1755169958492,1755169958619,127,3.2086,25
237938433,1755169958616,1755169958737,121,3.2086,25
237938434,1755169958655,1755169958780,125,3.2086,25
237938435,1755169958692,1755169958817,125,3.2086,25
237938436,1755169958792,1755169958917,125,3.2086,25
237938437,1755169958887,1755169959009,122,3.2086,25
237938438,1755169958921,1755169959043,122,3.2086,25
237938439,1755169959006,1755169959128,122,3.2086,25
237938440,1755169959122,1755169959246,124,3.2086,25
237938441,1755169959186,1755169959310,124,3.2087,25
237938442,1755169959257,1755169959379,122,3.2087,25
237938443,1755169959293,1755169959415,122,3.2087,25
237938444,1755169959408,1755169959530,122,3.2087,25
237938445,1755169959500,1755169959623,123,3.2087,25
237938446,1755169959539,1755169959663,124,3.2087,25
237938447,1755169959593,1755169959727,134,3.2087,25
237938448,1755169959716,1755169959840,124,3.2087,25
237938449,1755169959796,1755169959918,122,3.2087,25
237938450,1755169959838,1755169959966,128,3.2087,25
237938451,1755169959906,1755169960028,122,3.2087,25
237938452,1755169959936,1755169960059,123,3.2087,182.976
237938453,1755169960011,1755169960144,133,3.2087,25
237938454,1755169960114,1755169960240,126,3.2087,25
237938455,1755169960131,1755169960262,131,3.2087,25
237938456,1755169960223,1755169960354,131,3.2087,25
237938457,1755169960310,1755169960432,122,3.2087,25
237938458,1755169960315,1755169960436,121,3.2087,25
237938460,1755169960405,1755169960528,123,3.2087,25
237938461,1755169960488,1755169960610,122,3.2086,25
237938462,1755169960577,1755169960701,124,3.2086,25
237938463,1755169960621,1755169960828,207,3.2086,25
237938464,1755169960696,1755169960828,132,3.2086,25
237938466,1755169961876,1755169962002,126,3.2085,194.350332
237938467,1755169961886,1755169962010,124,3.2084,1.414923
237938468,1755169961886,1755169962010,124,3.2083,1.010818
237938469,1755169965346,1755169965467,121,3.2082,73.637332
237938472,1755169965349,1755169965473,124,3.208,912.84788
237938473,1755169965353,1755169965478,125,3.208,4.443
237938474,1755169965355,1755169965478,123,3.2079,1.414923
237938476,1755169965612,1755169965736,124,3.2079,25
237938477,1755169965630,1755169965752,122,3.2079,25
237938478,1755169965690,1755169965811,121,3.2079,25
237938479,1755169965710,1755169965831,121,3.2079,25
237938480,1755169965786,1755169965910,124,3.2079,25
237938481,1755169965878,1755169966002,124,3.2079,25
237938482,1755169965890,1755169966015,125,3.2079,25
237938483,1755169966018,1755169966143,125,3.2079,25
237938484,1755169966146,1755169966273,127,3.2079,25
237938485,1755169966196,1755169966320,124,3.2079,25
237938486,1755169966289,1755169966419,130,3.2079,25
237938487,1755169966377,1755169966505,128,3.2079,25
237938488,1755169966395,1755169966522,127,3.2079,25
237938490,1755169966490,1755169966612,122,3.208,25
237938491,1755169966591,1755169966716,125,3.2081,25
237938492,1755169966608,1755169966734,126,3.2081,25
237938493,1755169966690,1755169966811,121,3.2081,6.234317
237938494,1755169966690,1755169966811,121,3.2082,1
237938495,1755169966930,1755169967054,124,3.2083,4.443
237938497,1755169967451,1755169967573,122,3.2084,381.414923
237938498,1755169970106,1755169970230,124,3.2085,73.637332
237938500,1755169970116,1755169970237,121,3.2088,2.414923
237938502,1755169970157,1755169970286,129,3.2089,167.09834
237938503,1755169970336,1755169970471,135,3.2092,73.637332
237938505,1755169970366,1755169970487,121,3.2093,2.914923
237938507,1755169971850,1755169971973,123,3.2091,301.605708
237938508,1755169980043,1755169980168,125,3.2089,73.63733
237938509,1755169980046,1755169980169,123,3.2089,0.000002
237938511,1755169980046,1755169980169,123,3.2088,2.414923
237938512,1755169980272,1755169980394,122,3.2086,25
237938513,1755169980294,1755169980418,124,3.2086,25
237938514,1755169980379,1755169980507,128,3.2086,25
237938515,1755169980390,1755169980513,123,3.2086,25
237938516,1755169980499,1755169980628,129,3.2086,25
237938517,1755169980607,1755169980728,121,3.2086,25
237938518,1755169980932,1755169981057,125,3.2085,73.6
237938519,1755169980932,1755169981057,125,3.2085,0.037332
237938520,1755169980932,1755169981057,125,3.2084,1.414923
237938521,1755169980934,1755169981059,125,3.2083,1.5
237938524,1755169981652,1755169981786,134,3.2082,116.403015
237938525,1755169981656,1755169981787,131,3.208,1
237938527,1755169981792,1755169981914,122,3.208,25
237938528,1755169981867,1755169981989,122,3.2079,1.414923
237938531,1755169981867,1755169981989,122,3.2078,90.410853
237938532,1755169981876,1755169981999,123,3.2076,1
237938534,1755169981898,1755169982020,122,3.2076,25
237938536,1755169981920,1755169982045,125,3.2075,459.012126
237938538,1755169981942,1755169982064,122,3.2075,25
237938539,1755169982016,1755169982138,122,3.2075,25
237938540,1755169982111,1755169982233,122,3.2075,25
237938541,1755169982252,1755169982378,126,3.2075,25
237938542,1755169982266,1755169982390,124,3.2075,25
237938543,1755169982292,1755169982422,130,3.2075,25
237938544,1755169982440,1755169982570,130,3.2075,25
237938545,1755169982521,1755169982642,121,3.2075,25
237938546,1755169982553,1755169982677,124,3.2075,25
237938547,1755169982588,1755169982711,123,3.2075,25
237938548,1755169982702,1755169982824,122,3.2075,25
237938549,1755169982794,1755169982919,125,3.2076,25
237938550,1755169982897,1755169983022,125,3.2076,1
237938551,1755169982897,1755169983023,126,3.2077,24
237938552,1755169982924,1755169983045,121,3.2077,25
237938553,1755169983014,1755169983138,124,3.2077,25
237938554,1755169983114,1755169983237,123,3.2077,25
237938555,1755169984106,1755169984234,128,3.2078,6.2349
237938556,1755169984334,1755169984458,124,3.2079,11.270853
237938557,1755169986315,1755169986438,123,3.2082,73.637332
237938558,1755169986336,1755169986462,126,3.2084,1.414923
237938559,1755169987529,1755169987651,122,3.2085,73.637332
237938561,1755169987536,1755169987657,121,3.2088,2.414923
237938562,1755169987949,1755169988075,126,3.2089,73.637332
237938563,1755169989481,1755169989609,128,3.2092,73.637332
237938564,1755169989481,1755169989609,128,3.2093,1.414923
237938566,1755169989482,1755169989609,127,3.2094,234.689655
237938567,1755169989815,1755169989937,122,3.2096,73.637332
237938568,1755169991194,1755169991318,124,3.2098,1.414923
237938571,1755169991194,1755169991319,125,3.21,48.429401
237938574,1755169991225,1755169991352,127,3.21,29.207931
237938575,1755169991389,1755169991513,124,3.2101,400
237938576,1755169992698,1755169992821,123,3.2102,62.2821
237938578,1755169992736,1755169992866,130,3.21,2
237938579,1755169992888,1755169993015,127,3.2099,6.2
237938580,1755169992896,1755169993023,127,3.2098,1.5
237938581,1755169993308,1755169993439,131,3.2096,73.637332
237938582,1755169993308,1755169993439,131,3.2095,1.5
237938583,1755169993310,1755169993439,129,3.2094,1
237938584,1755169993310,1755169993439,129,3.2093,1.414923
237938585,1755169995525,1755169995649,124,3.2093,652.724747
237938587,1755169995566,1755169995694,128,3.2094,7.171407
237938588,1755169998134,1755169998259,125,3.2096,435.004299
237938589,1755169998844,1755169998965,121,3.2093,7.31
237938591,1755170001539,1755170001661,122,3.2094,7.315
237938592,1755170001543,1755170001670,127,3.2093,70.952941
237938593,1755170001982,1755170002106,124,3.2093,1
237938594,1755170007566,1755170007699,133,3.2093,5.191606
237938596,1755170007626,1755170007749,123,3.2093,1.916375
237938597,1755170011225,1755170011356,131,3.2092,73.63733
237938598,1755170011236,1755170011357,121,3.2092,0.000002
237938599,1755170011236,1755170011357,121,3.2091,1
237938600,1755170014854,1755170014983,129,3.209,87.042692
237938714,1755170084294,1755170084410,116,3.2107,63.637332
237938716,1755170084294,1755170084410,116,3.2106,13.45873
237938718,1755170084321,1755170084499,178,3.2103,75.052255
237938719,1755170084323,1755170084517,194,3.2102,31.150707
237938722,1755170084323,1755170084517,194,3.21,75.637332
237938723,1755170084323,1755170084517,194,3.2099,32.63722
237938724,1755170084327,1755170084562,235,3.2099,29.650707
237938726,1755170084329,1755170084719,390,3.2098,31.079316
237938727,1755170084333,1755170084719,386,3.2098,32.625475
237938728,1755170084355,1755170084720,365,3.2097,15.29528
237938729,1755170084362,1755170084720,358,3.2097,15.29528
237938731,1755170084702,1755170084852,150,3.2097,182.613932
237938732,1755170084702,1755170084852,150,3.2097,528.4
237938734,1755170084702,1755170084852,150,3.2097,583.754812
237938736,1755170084702,1755170084852,150,3.2097,526.102604
237938737,1755170084702,1755170084853,151,3.2097,168.547773
237938738,1755170084703,1755170084853,150,3.2098,93.434802
237938741,1755170084710,1755170084863,153,3.21,194.308022
237938742,1755170084711,1755170084864,153,3.21,566.014569
237938745,1755170084712,1755170084864,152,3.21,272.333302
237938746,1755170084712,1755170084864,152,3.21,42.704149
237938747,1755170084713,1755170084864,151,3.21,288.833473
237938748,1755170084716,1755170084864,148,3.21,298.788493
237938749,1755170084744,1755170084875,131,3.21,15.29528
237938750,1755170084744,1755170084875,131,3.21,15.29528
237938751,1755170084744,1755170084875,131,3.21,15.29528
237938753,1755170084745,1755170084875,130,3.21,15.29528
237938754,1755170084746,1755170084875,129,3.21,15.29528
237938755,1755170084746,1755170084875,129,3.21,15.29528
237938756,1755170086089,1755170086207,118,3.2102,9.901529
237938758,1755170086578,1755170086693,115,3.2103,75.0522
237938759,1755170086586,1755170086701,115,3.2103,0.000055
237938760,1755170088283,1755170088406,123,3.2107,73.637332
237938761,1755170088286,1755170088407,121,3.2108,1.414923
237938762,1755170088409,1755170088528,119,3.211,22.556835
237938765,1755170089705,1755170089820,115,3.2109,298.131348
237938766,1755170091722,1755170091838,116,3.211,51.080497
237938768,1755170091726,1755170091854,128,3.2112,2.414923
237938769,1755170098152,1755170098267,115,3.2113,30.650481
237938771,1755170098656,1755170098772,116,3.2113,389.253542
237938772,1755170099033,1755170099148,115,3.2111,6.228202
237938773,1755170102237,1755170102352,115,3.2112,6.227616
237938774,1755170106535,1755170106650,115,3.2114,73.637332
237938775,1755170106932,1755170107059,127,3.2116,77.857365
237938777,1755170106952,1755170107071,119,3.2117,63.7
237938778,1755170106956,1755170107074,118,3.2117,0.000815
237938780,1755170106958,1755170107075,117,3.2118,65.843332
237938782,1755170106958,1755170107075,117,3.212,2.5
237938785,1755170107597,1755170107715,118,3.2121,213.7
237938786,1755170107606,1755170107723,117,3.2121,0.032596
237938790,1755170107875,1755170107993,118,3.2122,413.765955
237938791,1755170107875,1755170107993,118,3.2122,15.48987
237938793,1755170107886,1755170108001,115,3.2124,2.010818
237938796,1755170108069,1755170108187,118,3.2125,213.7
237938797,1755170108103,1755170108219,116,3.2125,0.015152
237938798,1755170108106,1755170108221,115,3.2127,1.414923
237938799,1755170108306,1755170108421,115,3.2128,73.637332
237938800,1755170108654,1755170108772,118,3.213,1
237938801,1755170110804,1755170110926,122,3.2131,1.123027
237938802,1755170111223,1755170111342,119,3.213,2
237938806,1755170115532,1755170115654,122,3.2132,212.011958
237938807,1755170115533,1755170115655,122,3.2132,3.087601
237938808,1755170115752,1755170115867,115,3.2135,24.747238
237938809,1755170116326,1755170116446,120,3.2132,6.224228
237938810,1755170118646,1755170118769,123,3.2131,2.659867
237938812,1755170118909,1755170119052,143,3.2128,668.090705
237938813,1755170118909,1755170119052,143,3.2127,1.414923
237938814,1755170118909,1755170119052,143,3.2126,294.993449
237938817,1755170118909,1755170119052,143,3.2125,430.868296
237938819,1755170118909,1755170119052,143,3.2124,687.704389
237938821,1755170118910,1755170119052,142,3.2124,344.469088
237938822,1755170118910,1755170119053,143,3.2124,436.117533
237938824,1755170118913,1755170119057,144,3.2124,692.791333
237938825,1755170118914,1755170119057,143,3.2123,400
237938826,1755170118925,1755170119070,145,3.2122,1.414923
237938827,1755170118970,1755170119103,133,3.2121,73.637332
237938828,1755170118973,1755170119103,130,3.212,1
237938829,1755170118982,1755170119114,132,3.2119,15.29528
237938830,1755170118982,1755170119114,132,3.2119,15.29528
237938834,1755170119291,1755170119459,168,3.2119,1133.727912
237938839,1755170119292,1755170119460,168,3.2119,708.579629
237938840,1755170119292,1755170119460,168,3.2119,311.144822
237938843,1755170119295,1755170119460,165,3.212,378.010313
237938845,1755170119295,1755170119460,165,3.212,661.706598
237938847,1755170119300,1755170119482,182,3.2121,84.599803
237938848,1755170119300,1755170119482,182,3.2121,148.903208
237938850,1755170119301,1755170119482,181,3.2122,365.782628
237938851,1755170119310,1755170119495,185,3.2122,265.766493
237938852,1755170119328,1755170119495,167,3.2122,77.834337
237938853,1755170119336,1755170119495,159,3.2124,1
237938855,1755170119366,1755170119495,129,3.2124,15.29528
237938856,1755170119366,1755170119495,129,3.2124,15.29528
237938858,1755170119425,1755170119540,115,3.2124,428.8174
237938859,1755170119674,1755170119789,115,3.2124,70.2678
237938860,1755170120255,1755170120373,118,3.2125,73.637332
237938861,1755170120266,1755170120384,118,3.2127,1.414923
237938862,1755170120792,1755170120910,118,3.2128,11.84
237938863,1755170121168,1755170121286,118,3.2128,61.797332
237938864,1755170121465,1755170121586,121,3.213,1
237938866,1755170121561,1755170121675,114,3.2132,75.052255
237938867,1755170121566,1755170121681,115,3.2135,1.5
237938872,1755170121725,1755170121841,116,3.2136,216.082127
237938873,1755170122075,1755170122191,116,3.2138,275.155282
237938874,1755170122278,1755170122409,131,3.2139,73.6373
237938875,1755170122286,1755170122409,123,3.2139,0.000032
237938876,1755170122286,1755170122409,123,3.214,1
